time,productId,bidPrice1,bidVolume1,askPrice1,askVolume1
0,RWFE5/F5,0000000631000000.20,539144064,0000000501000000.01,717544397
0,UMFI5,0000000000000000.00,-296517632,0000000000000000.00,-1253520064
0,RVFL5,0000000000000000.00,-296517632,0000000000000000.00,628947232
0,CLFE5/F5,0000000007000000.32,532924064,0000000029000000.02,-44893235
0,SWFE5/F5,0000000094000000.01,534264064,0000000000000000.00,821111757
0,SWFE5/F5,0000000094000000.01,534264064,0000000000000000.00,-1742648371
0,SWFE5/F5,0000000359000000.01,-296517632,0000000000000000.00,-1638278195
0,CLFL5,0000003955000000.01,-296517632,0000000000000000.00,316097232
0,DGFC6,0000002380000000.04,-296517632,0000000000000000.00,276447232
0,EEFE5,0000001100000000.02,-285567632,0000001130000000.02,287497232
0,EEFE5/F5,0000000004000000.02,532874064,0000000000000000.00,-1464595507
0,QFFE5/F5,0000000134000000.11,534264064,0000000101000002.00,1305496525
0,OWFL5,0000010000000100.00,-1454726923,5946493520202020.20,-271981020
0,GYFC6,0000000000000000.00,13813,59464123520202020.20,-271981020
0,KEFE5/F5,0000000192000000.05,-296517632,0000000075000000.02,-287085619
0,QHFC6,0000000000000000.00,-1454729523,48464123520202020.20,-271981020
0,DHFE5/I5,0000000033000000.11,533314064,0000000001000000.20,-1188148275
0,NMFI5,0000020000000400.00,-1454731623,5946433620202020.20,-271981020
0,PZFI5,0000010000000100.00,-727365955,4146493520202020.20,-271981020
0,PZFI5,0000000000000000.00,-296517632,0000000000000000.00,-643520064
0,RPFE5,0000000000000000.00,-296517632,0000050900000000.01,276447232
0,RPFE5,0000070000000900.00,-796613267,5046493520202020.20,-271981020
0,RPFE5,0000070000000900.00,1385499037,5846463520202020.20,-271981020
0,UPFE5/F5,0000001436000000.01,553824064,0000002100000000.01,1305496525
0,UPFE5/F5,0000001436000000.01,553824064,0000002100000000.01,1097558989
0,UPFE5/F5,0000001436000000.01,553824064,0000002100000000.01,2137246669
0,MXFE5/C6,0000076000000000.04,1297824064,0000070500000000.01,1236184013
0,MXFE5/C6,0000076000000000.04,1297824064,0000070200000000.01,2067934157
0,NMFC6,0000000000000000.00,-727357755,4546493520202020.20,-271981020
0,OJFC6,0000030000003500.00,-727359455,5546453520202020.20,-271981020
0,OJFC6,0000000000000000.00,-296517632,0000000000000000.00,298467232
0,OOFC6,0000000000000000.00,6313,415464123520202020.20,-271981020
0,RZFE5/F5,0000000001000001.84,-296517632,0000000006000000.70,1479179213
0,SEFL5,0000020000000200.00,2112858805,4346493520202020.20,-271981020
0,SEFL5,0000020000000200.00,2112871905,5446463520202020.20,-271981020
0,MJFE5/F5,0000000053000000.01,533424064,0000000231000000.02,2102189004
0,QZFE5/F5,0000000031000000.01,-296517632,0000000000000000.06,-495023156
0,QZFE5/F5,0000000017000000.11,-296517632,0000000000000000.06,2137246669
0,QE1F5,0000000000000000.00,-727283955,4846433620202020.20,-271981020
0,QE1F5,0000010000000900.00,-727281755,4546493520202020.20,-271981020
0,QIFE5/F5,0000000014000000.14,532974064,0000000000000000.00,-1118835764
0,UFFC6,0000020000000200.00,-1454739523,5446433620202020.20,-271981020
0,OYFI5,0000020000000200.00,-1454737923,4946493520202020.20,-271981020
0,OYFI5,0000080100000000.01,-296517632,0000000000000000.00,1076447232
0,FZFE5/F5,0000000006000000.53,532894064,0000000001000000.04,-287888436
0,IJFE5/F5,0000000616000000.02,538994064,0000000001000000.02,-79950900
0,IJFE5/F5,0000000598000000.03,539834064,0000000001000000.02,-1084580916
0,PUFE5/F5,0000000248000000.40,535314064,0000000001000000.60,-391455796
0,UAFE5/F5,0000000024000000.01,533074064,0000000001000000.10,-945955892
0,CMFE5,0000001670000000.16,-279867632,0000001695000000.14,293097232
0,CMFE5,0000001670000000.16,-279867632,0000001695000000.14,293097232
0,CMFE5,0000001665000000.36,-279917632,0000001695000000.14,293097232
0,UBFE5/F5,0000000048000000.01,533604064,0000000005000000.01,-217773108
0,UBFE5/F5,0000000048000000.01,534744064,0000000030000000.10,58674125
0,PTFI5,0000000000000000.00,-296517632,0000000000000000.00,818447232
0,PTFI5,0000010000000200.00,-1454732823,41464123520202020.20,-271981020
0,USFL5,0000000000000000.00,-296517632,0000000000000000.00,372047232
0,PTFL5,0000000000000000.00,-727360655,51046493520202020.20,-271981020
0,NOFL5,0000020000000200.00,-1454737223,4446493520202020.20,-271981020
0,DDFE5/F5,0000000004000000.55,532874064,0000000006000000.02,-806528052
0,DDFE5/F5,0000000004000001.59,532874064,0000000006000000.02,-702960692
0,QTFI5,0000000000000000.00,-296517632,0000000000000000.00,276447232
0,QTFL5,0000000000000000.00,-296517632,0000000000000000.00,329547232
0,QTFL5,0000010000000100.00,-1454733523,4846453520202020.20,-271981020
0,QTFL5,0000020000000200.00,-1454726523,5646493520202020.20,-271981020
0,OLFL5,0000212500000000.01,-296517632,0000000000000000.00,-1883520064
0,KEFF5,0000010600000000.12,-296517632,0000000000000000.00,382447232
0,GYFL5,0000000000000000.00,-296517632,0000000000000000.00,324097232
0,GYFL5,0000000000000000.00,-296517632,0000000000000000.00,324147232
0,GYFL5,0000000000000000.00,-296517632,0000000000000000.00,324247232
0,GYFL5,0000000000000000.00,-296517632,0000000000000000.00,324097232
0,GYFL5,0000010000000100.00,-1454734623,41546493520202020.20,-271981020
0,SVFE5/F5,0000000501000000.10,539464064,0000000865000000.02,-252830772
0,SVFE5/F5,0000000501000000.10,-296517632,0000000865000000.02,-772273204
0,KKFL5,0000003655000000.01,-296517632,0000000000000000.00,276447232
0,FNFI5,0000003730000000.01,-296517632,0000000000000000.00,313647232
0,NDFE5/F5,0000000029000000.01,533124064,0000000009000000.12,578919372
0,CCFE5/F5,0000000013000000.15,532964064,0000000000000002.23,-807330868
0,CCFE5/F5,0000000015000000.68,532984064,0000000000000002.23,-530080820
0,CCFE5/F5,0000000015000000.30,532984064,0000000000000002.23,-1534710836
0,CCFE5/F5,0000000015000000.13,532984064,0000000000000002.23,-1568965684
0,CCFE5/F5,0000000016000000.01,532994064,0000000011000000.52,-806528051
0,CCFE5/F5,0000000016000000.53,532994064,0000000011000000.52,647429069
0,KKFC6,0000000000000000.00,-1454737923,411464123520202020.20,-271981020
0,ZEFE5/F5,0000000565000000.01,538524064,0000000510000000.01,-183518260
0,PEFL5,0000000000000000.00,-296517632,0000000000000000.00,320897232
0,DFFE5/F5,0000000010000000.11,532934064,0000000005000000.20,-148460596
0,EYFI5,0000010000000100.00,-1454738823,4546493520202020.20,-271981020
0,OSFC6,0000000000000000.00,-296517632,0000000000000000.00,276447232
0,DJFE5/F5,0000000103000000.12,533874064,0000000002000000.01,-807330868
0,QLFE5/F5,0000000058000000.01,533424064,0000000044000000.01,2102189004
0,QLFE5/F5,0000000049000000.02,533324064,0000000003000000.01,-1499653172
0,QLFE5/F5,0000000013000000.01,532964064,0000000003000000.01,-357200948
0,FWFI5,0000010000000100.00,-727355355,41046433620202020.20,-271981020
0,GXFE5/F5,0000000069000000.01,533524064,0000000000000000.07,-945153076
0,CNFE5/F5,0000000007000001.06,532904064,0000000007000000.50,-114205748
0,MXFF5/G5,0000040000000000.01,1032824064,0000000000000000.00,-1291715636
0,MXFF5/G5,0000040000000000.01,1032824064,0000000000000000.00,-1672533043
0,PNFC6,0000000000000000.00,-296517632,0000000000000000.00,276447232
0,GNFL5,0000010000000100.00,-727360655,5446493520202020.20,-271981020
0,SYFC6,0000000000000000.00,-296517632,0000000000000000.00,276447232
0,SYFC6,0000000000000000.00,-1454726423,59464123520202020.20,-271981020
0,IXFE5/F5,0000000015000000.15,533004064,0000000030000000.01,1755626443
0,IXFE5/F5,0000000015000000.15,533004064,0000000030000000.01,-10638388
0,SGFC6,0000002200000000.01,-296517632,0000000000000000.00,298517232
0,FXFE5/F5,0000000840000000.01,541424064,0000000640000000.01,-356398133
0,DHFE5/F5,0000000037000000.97,533204064,0000000032000000.30,-1949783093
0,DHFE5/F5,0000000036000000.97,533194064,0000000031000001.10,-1811158068
0,DHFE5/F5,0000000036000000.95,533194064,0000000031000001.10,-460768308
0,DHFE5/F5,0000000041000001.00,533244064,0000000036000001.00,163044300
0,QGFE5/F5,0000000083000001.55,533664064,0000000000000000.00,-876643381
0,QGFE5/F5,0000000083000001.55,533664064,0000000000000000.00,-460768308
0,JZ1F5,0000001235000000.01,-284217632,0000000000000000.00,276447232
0,PQFE5/F5,0000000044000000.01,533474064,0000000000000000.00,-945153077
0,FZFL5,0000010000000100.00,-727358955,4146493520202020.20,-271981020
0,FZFL5,0000001760000000.02,-296517632,0000000000000000.00,276447232
0,FZFL5,0000001755000000.01,-296517632,0000000000000000.00,276447232
0,LRFE5/F5,0000000035000000.01,-296517632,0000000003000000.80,-1014465589
0,LRFE5/F5,0000000035000000.01,-296517632,0000000001000000.05,1374809035
0,LRFE5/F5,0000000019000000.01,-296517632,0000000003000000.80,2067934155
0,LRFE5/F5,0000000008000000.02,532964064,0000000003000000.80,-1291715636
0,LRFE5/F5,0000000007000000.05,532964064,0000000003000000.80,-1153090612
0,SCFC6,0000000000000000.00,-296517632,0000000000000000.00,537947232
0,SCFC6,0000000000000000.00,-296517632,0000000000000000.00,535447232
0,MXFE5/L5,0000070000000000.01,1233824064,0000066600000000.01,1895054283
0,MXFE5/L5,0000069800000000.01,1231824064,0000066200000000.01,-772273203
0,MYFC6,0000000000000000.00,-1454723523,59464123520202020.20,-271981020
0,TMFE5/F5,0000009100000000.02,624824064,0000008000000000.10,2033679307
0,TMFE5/F5,0000009600000000.10,629824064,0000008500000000.11,-322143284
0,TMFE5/F5,0000009300000000.10,626824064,0000008200000000.05,1201929164
0,RVFC6,0000020000000200.00,-727356455,41446433620202020.20,-271981020
0,CRFE5/F5,0000000055000000.11,533724064,0000000090000000.01,-807330869
0,CRFE5/F5,0000000049000000.11,533724064,0000000090000000.01,-391455797
0,EMFC6,0000000000000000.00,-296517632,0000000000000000.00,276447232
0,EMFC6,0000000000000000.00,-1454736623,413464123520202020.20,-271981020
0,EMFC6,0000000000000000.00,-296517632,0000000000000000.00,276447232
0,REFC6,0000000000000000.00,-296517632,0000000000000000.00,276447232
0,REFC6,0000000000000000.00,-296517632,0000000000000000.00,276447232
0,REFC6,0000000000000000.00,-296517632,0000000000000000.00,276447232
0,PHFI5,0000000000000000.00,-296517632,0000000000000000.00,2116447232
0,DGFI5,0000002475000000.02,-296517632,0000000000000000.00,301147232
0,QQFC6,0000000000000000.00,-1454736423,51464123520202020.20,-271981020
0,RKFL5,0000000000000000.00,-296517632,0000000000000000.00,276447232
0,TJFI5,0000270000000000.02,-296517632,0000000000000000.00,-1322520064
0,TJFI5,0000270000000000.02,-296517632,0000000000000000.00,-1322770064
0,TJFI5,0000270000000000.02,-296517632,0000000000000000.00,-1322020064
0,TJFI5,0000270000000000.02,-296517632,0000000000000000.00,-1319520064
0,TJFI5,0000270000000000.02,-296517632,0000000000000000.00,-1322270064
0,TJFI5,0000270000000000.02,-296517632,0000000000000000.00,-1321770064
0,TJFI5,0000270000000000.02,-296517632,0000000000000000.00,-1325020064
0,TJFI5,0000269600000000.02,-296517632,0000000000000000.00,-1324270064
0,TJFI5,0000269600000000.02,-296517632,0000000000000000.00,-1324020064
0,TJFI5,0000020000000400.00,-1454709723,4146463520202020.20,-271981020
0,TJFI5,0000269000000000.02,-296517632,0000000000000000.00,-1331770064
0,QCFE5/F5,0000000032000000.01,533234064,0000000018000001.00,-564335669
0,DDFE5,0000001180000000.41,-284767632,0000001205000000.12,288197232
0,DDFE5,0000001180000000.31,-284767632,0000001205000000.12,288197232
0,DDFE5,0000001180000000.26,-284767632,0000001205000000.12,288197232
0,DDFE5,0000001180000000.01,-284767632,0000001205000000.06,288197232
0,DDFE5,0000001180000000.16,-284767632,0000001205000000.06,288197232
0,DDFE5,0000001180000000.03,-284767632,0000001205000000.06,288197232
0,IQFE5/F5,0000000084000000.82,533774064,0000000003000000.01,-1153893429
0,IQFE5/F5,0000000031000000.01,533294064,0000000003000000.01,-1015268405
0,IQFE5/F5,0000000046000000.01,533294064,0000000086000000.02,-876643380
0,IQFE5/F5,0000000094000000.82,533774064,0000000040000000.01,-217773108
0,IQFE5/F5,0000000059000000.82,533424064,0000000010000000.50,-79950899
0,NAFE5/F5,0000000021000000.09,533064064,0000000119000000.01,-495023157
0,NLFL5,0000000000000000.00,-296517632,0000000000000000.00,360047232
0,NLFL5,0000000000000000.00,-296517632,0000000000000000.00,360247232
0,NLFL5,0000010000000100.00,-727368155,5846493520202020.20,-271981020
0,OJFL5,0000000000000000.00,-296517632,0000000000000000.00,298397232
0,OJFL5,0000000000000000.00,-296517632,0000000000000000.00,298437232
0,OJFL5,0000000000000000.00,-296517632,0000000000000000.00,298447232
0,KBFE5/F5,0000000011000000.16,533034064,0000000033000000.02,1374809035
0,KBFE5/F5,0000000011000000.16,533024064,0000000033000000.02,1548491723
0,JXFE5,0000002530000000.07,-271267632,0000002800000000.01,276447232
0,NVFE5/F5,0000000033000000.01,533164064,0000000000000000.06,1097558987
0,RDFL5,0000000000000000.00,-727356455,4846453520202020.20,-271981020
0,RDFL5,0000000000000000.00,-296517632,0000000000000000.00,276447232
0,RDFL5,0000000000000000.00,-727356855,4746463520202020.20,-271981020
0,GXFI5,0000020750000000.02,-296517632,0000000000000000.00,483447232
0,GXFI5,0000020000000300.00,-1454716323,58464123520202020.20,-271981020
0,IAFE5/F5,0000000004000000.01,532874064,0000000011000000.02,-2019095603
0,QOFL5,0000000000000000.00,-1454725523,5946493520202020.20,-271981020
0,REFI5,0000000000000000.00,-1454733523,4846433620202020.20,-271981020
0,REFI5,0000000000000000.00,-296517632,0000000000000000.00,276447232
0,REFI5,0000000000000000.00,-296517632,0000000000000000.00,276447232
0,REFI5,0000000000000000.00,-1454738523,4846433620202020.20,-271981020
0,QTFC6,0000010000000100.00,3313,4146493520202020.20,-271981020
0,QTFC6,0000000000000000.00,-296517632,0000000000000000.00,331247232
0,QTFC6,0000010000000100.00,-727364255,54464123520202020.20,-271981020
0,QTFC6,0000000000000000.00,-296517632,0000000000000000.00,331347232
0,QTFC6,0000000000000000.00,-296517632,0000000000000000.00,331347232
0,QTFC6,0000000000000000.00,-296517632,0000000000000000.00,276447232
0,QGFC6,0000010000000100.00,-1454727223,47464123520202020.20,-271981020
0,QGFC6,0000010000000100.00,-1454727623,47464123520202020.20,-271981020
0,EPFI5,0000000000000000.00,-296517632,0000000000000000.00,276447232
0,EPFI5,0000000000000000.00,-296517632,0000000000000000.00,276447232
0,EPFI5,0000000000000000.00,-296517632,0000000000000000.00,276447232
0,EPFI5,0000000000000000.00,-296517632,0000000000000000.00,276447232
0,REFL5,0000000000000000.00,-727362655,4846453520202020.20,-271981020
0,REFL5,0000000000000000.00,-296517632,0000000000000000.00,276447232
0,QIFC6,0000000000000000.00,-1454728623,51046493520202020.20,-271981020
0,QIFC6,0000000000000000.00,-1454728923,49464123520202020.20,-271981020
0,QIFC6,0000000000000000.00,-1454724823,49464123520202020.20,-271981020
0,RYFC6,0000030000006000.00,-1454727923,59464123520202020.20,-271981020
0,RYFC6,0000030000006000.00,-1454730823,59464123520202020.20,-271981020
0,RYFC6,0000000000000000.00,-296517632,0000000000000000.00,296377232
0,RLFE5/F5,0000000008000000.03,532914064,0000000000000000.00,1166871499
0,IIFE5/F5,0000000017000000.06,533004064,0000000037000000.02,1479179212
0,CQFE5/F5,0000000020000000.03,533034064,0000000000000000.00,370179019
0,JNFC6,0000010000000100.00,-1454738723,414464123520202020.20,-271981020
0,QAFE5/F5,0000001449000000.05,560464064,0000000000000000.00,509606858
0,QAFE5/F5,0000001346000000.01,546304064,0000000000000000.00,648231883
0,QAFE5/F5,0000001099000000.01,545074064,0000000000000000.00,-807330868
0,PRFC6,0000000000000000.00,-727360255,52464123520202020.20,-271981020
0,PRFC6,0000000000000000.00,-296517632,0000000000000000.00,276447232
0,PRFC6,0000000000000000.00,-296517632,0000000000000000.00,276447232
0,PRFC6,0000000000000000.00,-1454728723,52464123520202020.20,-271981020
0,PRFC6,0000000000000000.00,-296517632,0000000000000000.00,276447232
0,PRFC6,0000000000000000.00,-296517632,0000000000000000.00,276447232
0,PRFC6,0000000000000000.00,-1454732623,52464123520202020.20,-271981020
0,PRFC6,0000000000000000.00,-296517632,0000000000000000.00,276447232
0,PRFC6,0000000000000000.00,-296517632,0000000000000000.00,276447232
0,PSFE5/F5,0000000019000000.27,533024064,0000000012000000.08,-841585718
0,PSFE5/F5,0000000021000000.07,533114064,0000000014000000.20,-1880470579
0,OVFI5,0000010000000100.00,-1454709423,41146463520202020.20,-271981020
0,OVFI5,0000000000000000.00,-296517632,0000000000000000.00,427947232
0,CKFE5/F5,0000000017000000.20,533004064,0000000002000000.03,-876643382
0,PQFC6,0000000000000000.00,-1454728023,51464123520202020.20,-271981020
0,PQFC6,0000000000000000.00,-296517632,0000000000000000.00,276447232
0,DSFE5/F5,0000000007000000.11,532904064,0000000000000000.00,-1257460790
0,OVFL5,0000010000000100.00,-1454724923,41146463520202020.20,-271981020
0,UCFL5,0000000000000000.00,-1454724423,5446463520202020.20,-271981020
0,UCFL5,0000000000000000.00,-296517632,0000000000000000.00,276447232
0,SLFI5,0000010000000200.00,2112881505,5246433620202020.20,-271981020
0,SLFI5,0000010000000200.00,2112869105,5446433620202020.20,-271981020
0,UHFI5,0000010000000100.00,2112878205,5646453520202020.20,-271981020
0,NUFL5,0000000000000000.00,-1454729923,41046493520202020.20,-271981020
0,NUFL5,0000000000000000.00,-296517632,0000000000000000.00,276447232
0,XAFI5,0000010000005100.00,-726863255,4546493520202020.20,-271981020
0,XAFI5,0000010000005100.00,-726862455,4546493520202020.20,-271981020
0,XAFI5,0000010000005100.00,-726860755,4546493520202020.20,-271981020
0,XAFI5,0000020000008200.00,-1453933623,4546493520202020.20,-271981020
0,XAFI5,0000006441000000.51,-232127632,0000000000000000.00,276447232
0,XAFI5,0000006439000000.51,-296517632,0000000000000000.00,276447232
0,XAFI5,0000020000008200.00,-1453931823,4546493520202020.20,-271981020
0,XAFI5,0000006439000000.51,-232227632,0000000000000000.00,276447232
0,XAFI5,0000020000008200.00,-1453937823,4546493520202020.20,-271981020
0,XAFI5,0000006444000000.51,-232107632,0000000000000000.00,276447232
0,XAFI5,0000006427000000.51,-232277632,0000000000000000.00,276447232
0,XAFI5,0000020000008200.00,-1453927823,4546493520202020.20,0
0,XAFI5,0000006438000000.51,-232157632,0000000000000000.00,276447232
0,XAFI5,0000006437000000.51,-232177632,0000000000000000.00,276447232
0,XAFI5,0000006433000000.51,-232207632,0000000000000000.00,276447232
0,SZFE5/F5,0000000900000000.10,543824064,0000000007000000.05,-252830771
0,RCFE5/F5,0000000018000000.05,533014064,0000000011000000.25,127986634
0,LBFI5,0000010000000100.00,-1454726523,4946493520202020.20,-271981020
0,JFFE5/F5,0000000097000000.02,533824064,0000000605000000.01,509606858
0,JFFE5/F5,0000000300000000.02,537024064,0000000605000000.01,405236684
0,OXFI5,0000020000000200.00,-727354855,4546493520202020.20,-271981020
0,IAFL5,0000010000000100.00,-727367455,54464123520202020.20,-271981020
0,UJFE5/F5,0000000000000000.88,532834064,0000000010000000.02,1721371594
0,LUFE5/F5,0000000026000000.01,533094064,0000000071000000.02,-841585718
0,LUFE5/F5,0000000026000000.02,533094064,0000000071000000.02,-633648182
0,LUFE5/F5,0000000026000000.03,533114064,0000000071000000.02,-1881273397
0,LUFE5/F5,0000000019000000.03,533024064,0000000071000000.02,-218575924
0,LUFE5/F5,0000000010000000.01,532934064,0000000051000000.02,993991629
0,LUFE5/F5,0000000009000000.04,533024064,0000000051000000.02,1444121549
0,LUFE5/F5,0000000023000000.49,533094064,0000000000000000.43,-1049523251
0,DWFI5,0000005170000000.01,-296517632,0000000000000000.00,328047232
0,DWFI5,0000005140000000.01,-296517632,0000000000000000.00,327747232
0,PCFI5,0000008980000000.01,-296517632,0000000000000000.00,366147232
0,ORFC6,0000000000000000.00,-296517632,0000000000000000.00,276447232
0,ORFC6,0000000000000000.00,-1454726623,4946463520202020.20,-271981020
0,ORFC6,0000000000000000.00,-1454733323,5746433620202020.20,-271981020
0,ORFC6,0000000000000000.00,-1454734723,4846433620202020.20,-271981020
0,ORFC6,0000000000000000.00,-296517632,0000000000000000.00,276447232
0,TJFC6,0000269000000000.02,-296517632,0000000000000000.00,-1330020064
0,TJFC6,0000269000000000.02,-296517632,0000000000000000.00,-1331020064
0,TJFC6,0000269000000000.02,-296517632,0000000000000000.00,-1332270064
0,TJFC6,0000269000000000.02,-296517632,0000000000000000.00,-1335020064
0,TJFC6,0000269000000000.02,-296517632,0000000000000000.00,-1336770064
0,TJFC6,0000268600000000.02,-296517632,0000000000000000.00,-1336270064
0,TJFC6,0000268000000000.02,-296517632,0000000000000000.00,-1341270064
0,TJFC6,0000268000000000.02,-296517632,0000000000000000.00,-1341270064
0,TJFC6,0000268000000000.02,-296517632,0000000000000000.00,-1341020064
0,PNFL5,0000000000000000.00,-296517632,0000000000000000.00,2136447232
0,JZFL5,0000000000000000.00,-727353955,5046493520202020.20,-271981020
0,QOFI5,0000010000000100.00,-1454736723,5446493520202020.20,-271981020
0,FRFI5,0000036400000000.01,-296517632,0000000000000000.00,639947232
0,FRFI5,0000036150000000.01,-296517632,0000000000000000.00,637447232
0,FRFI5,0000030000000400.00,2112871505,5146493520202020.20,-271981020
0,UCFI5,0000000000000000.00,-296517632,0000000000000000.00,359747232
0,UCFI5,0000000000000000.00,-296517632,0000000000000000.00,359747232
0,UCFI5,0000000000000000.00,-296517632,0000000000000000.00,359247232
0,UCFI5,0000000000000000.00,-296517632,0000000000000000.00,358547232
0,FGFL5,0000010000000100.00,-727354755,5446493520202020.20,-271981020
0,FGFL5,0000010000000100.00,-727358255,54464123520202020.20,-271981020
0,FGFL5,0000000000000000.00,-296517632,0000000000000000.00,-2088520064
0,FGFL5,0000010000000100.00,-1454732523,41464123520202020.20,-271981020
0,IJFI5,0000215500000000.01,-296517632,0000000000000000.00,-1873520064
0,PGFI5,0000000000000000.00,-296517632,0000000000000000.00,302697232
0,PGFI5,0000000000000000.00,-296517632,0000000000000000.00,303647232
0,PGFI5,0000000000000000.00,-296517632,0000000000000000.00,303697232
0,QLFL5,0000000000000000.00,-1454738323,41346493520202020.20,-271981020
0,KGFC6,0000000000000000.00,-296517632,0000000000000000.00,396947232
0,JMFL5,0000000000000000.00,-296517632,0000000000000000.00,1526447232
0,JMFL5,0000000000000000.00,-296517632,0000000000000000.00,1511447232
0,JMFL5,0000000000000000.00,-296517632,0000000000000000.00,1511447232
0,JMFL5,0000000000000000.00,-296517632,0000000000000000.00,1511447232
0,SJFL5,0000010000000100.00,-1454730623,46464123520202020.20,-271981020
0,URFF5,0000009770000000.10,-198867632,0000000000000000.00,371547232
0,URFF5,0000060000001500.00,658214969,4246493520202020.20,-271981020
0,SRFC6,0000000000000000.00,-296517632,0000000000000000.00,448147232
0,SRFC6,0000010000000500.00,658179469,52464123520202020.20,-271981020
0,SRFC6,0000000000000000.00,-296517632,0000000000000000.00,447647232
0,SRFC6,0000000000000000.00,-296517632,0000000000000000.00,448097232
0,SRFC6,0000000000000000.00,-296517632,0000000000000000.00,447897232
0,SRFC6,0000000000000000.00,-296517632,0000000000000000.00,447597232
0,SRFC6,0000000000000000.00,-296517632,0000000000000000.00,447647232
0,SRFC6,0000000000000000.00,-296517632,0000000000000000.00,447647232
0,SRFC6,0000000000000000.00,-296517632,0000000000000000.00,447597232
0,SRFC6,0000000000000000.00,-296517632,0000000000000000.00,447747232
0,SYFI5,0000000000000000.00,-1454735423,5046433620202020.20,-271981020
0,SYFI5,0000000000000000.00,-1454738223,4146433620202020.20,-271981020
0,OTFE5/F5,0000000062000000.02,-295947632,0000000174000000.02,1166871498
0,OTFE5/F5,0000000064000000.01,-295887632,0000000110000000.02,-841585717
0,OTFE5/F5,0000000058000000.01,-295947632,0000000105000000.02,439491532
0,OTFE5/F5,0000000088000000.01,-295817632,0000000110000000.02,1687116748
0,OTFE5/F5,0000000113000000.01,-295397632,0000000202000000.02,405236684
0,OTFE5/F5,0000000121000000.01,-295747632,0000000000000000.00,1409866701
0,FNFE5/F5,0000000035000000.01,533334064,0000000017000000.02,-1534710838
0,CDFF5/I5,0000000217000000.01,535024064,0000000201000000.20,-1534710838
0,UDFI5,0004315000000000.01,-380190592,0004351600000000.01,469774272
0,UDFI5,0004315000000000.01,-380190592,0004351600000000.01,476774272
0,UDFI5,0004318000000000.01,-96190592,0004359900000000.01,487774272
0,UDFI5,0004318000000000.01,-96190592,0004359900000000.01,495774272
0,KCFI5,0000020000000200.00,-727366755,4946433620202020.20,-271981020
0,KCFI5,0000011200000000.01,-296517632,0000000000000000.00,387947232
0,KPFI5,0000020000000200.00,-1454727523,45464123520202020.20,-271981020
0,KPFI5,0000002965000000.01,-296517632,0000000000000000.00,306047232
0,OMFC6,0000000000000000.00,-1454728323,413464123520202020.20,-271981020
0,UKFC6,0000070000003600.00,589528457,411464123520202020.20,-271981020
0,UKFC6,0000002678000000.10,-269747632,0000002709000000.06,276447232
0,UKFC6,0000002678000000.10,-269747632,0000002709000000.06,276447232
0,UKFC6,0000002678000000.10,-269747632,0000002709000000.06,276447232
0,RUFE5/F5,0000000096000000.10,533814064,0000000049000000.20,-1673335862
0,RUFE5/F5,0000000132000000.10,534164064,0000000052000000.02,1444121547
0,RUFE5/F5,0000000131000000.10,534144064,0000000052000000.02,-1118835764
0,RUFE5/F5,0000000103000000.10,533874064,0000000088000000.10,-1291715635
0,OHFL5,0000010000000100.00,-727360755,5546463520202020.20,-271981020
0,ITFL5,0000009290000000.01,-296517632,0000000000000000.00,276447232
0,ITFL5,0000010000000100.00,-1454728423,4646493520202020.20,-271981020
0,ITFL5,0000009210000000.01,-296517632,0000000000000000.00,276447232
0,UVFI5,0000000000000000.00,-1454737123,5746433620202020.20,-271981020
0,RCFL5,0000020000000200.00,-1454729623,4846453520202020.20,-271981020
0,RCFL5,0000020000000200.00,-1454730823,5846463520202020.20,-271981020
0,RCFL5,0000004295000000.01,-296517632,0000000000000000.00,320597232
0,RCFL5,0000004295000000.01,-296517632,0000000000000000.00,320647232
0,CDFE5/F5,0000000156000000.12,534394064,0000000144000000.22,-1083778102
0,CDFE5/F5,0000000134000000.29,534174064,0000000124000000.11,370981836
0,CDFE5/F5,0000000137000000.21,534204064,0000000132000000.01,1582746572
0,CDFE5/F5,0000000142000000.09,534254064,0000000135000000.64,-910898228
0,CDFE5/F5,0000000150000000.23,534334064,0000000141000000.25,-1396085812
0,CDFE5/F5,0000000145000000.30,534284064,0000000121000000.11,1895054285
0,CDFE5/F5,0000000129000000.04,534234064,0000000120000000.30,1236986829
0,PVFE5/F5,0000000570000000.02,538534064,0000000419000000.04,405236683
0,PVFE5/F5,0000000685000000.02,539754064,0000000419000000.03,1236986828
0,PVFE5/F5,0000000688000000.03,540354064,0000000488000000.03,405236684
0,PVFE5/F5,0000000688000000.03,540354064,0000000419000000.03,509606860
0,PVFE5/F5,0000000686000000.05,539704064,0000000402000000.01,335924172
0,PVFE5/F5,0000000685000000.02,539704064,0000000402000000.01,300866509
0,PVFE5/F5,0000000688000000.04,540284064,0000000402000000.01,-79950899
0,PVFE5/F5,0000000722000000.03,540064064,0000000001000000.05,-1396085811
0,SVFI5,0000010000000100.00,2112927405,5446433620202020.20,-271981020
0,SVFI5,0000010000000100.00,2112919405,4346493520202020.20,-271981020
0,SVFI5,0000010000000100.00,2112922805,46464123520202020.20,-271981020
0,SLFL5,0000010000000200.00,-1454729423,5146493520202020.20,-271981020
0,SLFL5,0000000000000000.00,-296517632,0000000000000000.00,523947232
0,DSFC6,0000000000000000.00,-296517632,0000000000000000.00,276447232
0,SIFL5,0000020000001100.00,-727367755,53464123520202020.20,-271981020
0,HLFC6,0000000000000000.00,-296517632,0000000000000000.00,316847232
0,LIFL5,0000000000000000.00,-1454731423,41346493520202020.20,-271981020
0,LIFL5,0000005490000000.01,-296517632,0000000000000000.00,276447232
0,LIFL5,0000000000000000.00,-296517632,0000000000000000.00,276447232
0,LIFL5,0000010000000100.00,-1454729223,42464123520202020.20,-271981020
0,LIFL5,0000005440000000.01,-296517632,0000000000000000.00,276447232
0,LIFL5,0000005370000000.01,-296517632,0000000000000000.00,276447232
0,LIFL5,0000010000000100.00,-1454738723,5546453520202020.20,-271981020
0,PAFE5/F5,0000000039000000.01,533304064,0000000026000000.01,647429066
0,PAFE5/F5,0000000078000000.01,533634064,0000000019000000.01,1305496522
0,PAFE5/F5,0000000053000000.01,533554064,0000000020000000.01,-79148083
0,LEFL5,0000000000000000.00,-296517632,0000000000000000.00,652947232
0,LEFL5,0000000000000000.00,-296517632,0000000000000000.00,651447232
0,ITFI5,0000020000000200.00,2112873005,5946493520202020.20,-271981020
0,ITFI5,0000020000000200.00,2112865405,4246433620202020.20,-271981020
0,ITFI5,0000009270000000.01,-296517632,0000000000000000.00,369047232
0,CBFC6,0000002015000000.01,-296517632,0000000000000000.00,276447232
0,OLFI5,0000020000000500.00,1385539637,4846493520202020.20,-271981020
0,OAFL5,0000010000000100.00,-1454726423,4246463520202020.20,-271981020
0,OAFL5,0000000000000000.00,-296517632,0000000000000000.00,306517232
0,OAFL5,0000000000000000.00,-296517632,0000000000000000.00,306477232
0,OAFL5,0000000000000000.00,-296517632,0000000000000000.00,306477232
0,OAFL5,0000000000000000.00,-296517632,0000000000000000.00,306477232
0,RAFC6,0000000000000000.00,-296517632,0000000000000000.00,276447232
0,KUFI5,0000001390000000.01,-296517632,0000000000000000.00,276447232
0,DKFE5/F5,0000000027000000.45,533104064,0000000018000000.03,-1015268406
0,DKFE5/F5,0000000027000000.23,533104064,0000000022000000.20,-1881273397
0,DKFE5/F5,0000000027000000.25,533104064,0000000022000000.20,-1499653173
0,DKFE5/F5,0000000077000000.02,533604064,0000000057000000.10,1756429260
0,QNFE5/F5,0000000098000000.07,533814064,0000000000000000.00,1998621642
0,QNFE5/F5,0000000974000000.01,-296517632,0000000000000000.08,-1396085812
0,QNFE5/F5,0000000974000000.01,-296517632,0000000105000000.01,716741581
0,QNFE5/F5,0000000974000000.01,-296517632,0000000105000000.01,-287085619
0,QNFE5/F5,0000000946000000.09,-296517632,0000000049000000.05,1825741773
0,QNFE5/F5,0000000814000000.09,-296517632,0000000049000000.05,-1396085811
0,QNFE5/F5,0000000447000000.01,-296517632,0000000049000000.05,1548491725
0,QNFE5/F5,0000000430000000.01,-296517632,0000000049000000.05,-1188148275
0,QNFE5/F5,0000000424000000.09,-296517632,0000000049000000.05,-980210739
0,QNFE5/F5,0000000420000000.09,-296517632,0000000049000000.05,508804045
0,RPFC6,0000000000000000.00,-1454727423,5046493520202020.20,-271981020
0,QMFC6,0000000000000000.00,-296517632,0000000000000000.00,276447232
0,QMFC6,0000000000000000.00,-1454726123,4146433620202020.20,-271981020
0,ULFE5/F5,0000000501000000.19,538654064,0000000000000000.00,-1604023348
0,SZFC6,0000000000000000.00,-1454735723,510464123520202020.20,-271981020
0,DNFC6,0000002760000000.01,-296517632,0000000000000000.00,276447232
0,DNFC6,0000002760000000.01,-296517632,0000000000000000.00,276447232
0,RXFF5,0000110000010400.00,1975508081,4746463520202020.20,-271981020
0,RXFF5,0000110000009800.00,-1592169047,53464123520202020.20,-271981020
0,RXFF5,0000001184000000.02,-284687632,0000000000000000.00,288277232
0,HIFL5,0000010000000100.00,-1454731923,4146493520202020.20,-271981020
0,HIFL5,0000005370000000.01,-296517632,0000000000000000.00,276447232
0,HIFL5,0000005370000000.01,-296517632,0000000000000000.00,276447232
0,NQFI5,0000020000000200.00,-1454729523,5046493520202020.20,-271981020
0,NQFI5,0000000000000000.00,-296517632,0000000000000000.00,627947232
0,LUFC6,0000000000000000.00,-296517632,0000000000000000.00,276447232
0,NBFI5,0000000000000000.00,-296517632,0000000000000000.00,276447232
0,HSFE5/F5,0000000032000000.03,533174064,0000000010000002.49,-1222403126
0,HSFE5/F5,0000000036000000.33,533194064,0000000011000000.50,-252830774
0,HSFE5/F5,0000000036000000.28,533194064,0000000011000000.50,1340554186
0,HSFE5/F5,0000000023000000.26,533204064,0000000009000002.00,-391455797
0,PPFL5,0000000000000000.00,-1454724023,5246493520202020.20,-271981020
0,DJFI5,0000061100000000.01,-296517632,0000000000000000.00,886447232
0,DJFI5,0000020000000200.00,-1454736823,4746493520202020.20,-271981020
0,SEFC6,0000010000000100.00,-1454729223,45464123520202020.20,-271981020
0,SEFC6,0000000000000000.00,-296517632,0000000000000000.00,955447232
0,SEFC6,0000000000000000.00,-296517632,0000000000000000.00,957447232
0,SEFC6,0000000000000000.00,-296517632,0000000000000000.00,955447232
0,SEFI5,0000020000000300.00,1385507637,4146433620202020.20,-271981020
0,PRFL5,0000000000000000.00,-1454729423,410464123520202020.20,-271981020
0,PRFL5,0000000000000000.00,-1454728323,4146493520202020.20,-271981020
0,PRFL5,0000000000000000.00,-1454734423,5646493520202020.20,-271981020
0,PRFL5,0000000000000000.00,-1454735823,4846453520202020.20,-271981020
0,PRFL5,0000000000000000.00,-296517632,0000000000000000.00,276447232
0,PRFL5,0000000000000000.00,-296517632,0000000000000000.00,276447232
0,PRFL5,0000000000000000.00,-296517632,0000000000000000.00,276447232
0,PRFL5,0000000000000000.00,-296517632,0000000000000000.00,276447232
0,PRFL5,0000000000000000.00,-296517632,0000000000000000.00,276447232
0,KOFE5/F5,0000000302000000.01,535854064,0000000040000000.25,1894251468
0,RGFE5/F5,0000000500000000.83,-294507632,0000000000000000.00,-495023157
0,RGFE5/F5,0000000500000000.83,-296467632,0000000000000000.00,-1049523253
0,QRFI5,0000020000000700.00,-1454683623,4346493520202020.20,-271981020
0,QRFI5,0000020000000700.00,-1454682123,5746433620202020.20,-271981020
0,KAFE5/F5,0000000040000000.02,533314064,0000000066000000.02,1374809034
0,IXFI5,0000007890000000.01,-296517632,0000000000000000.00,355347232
0,NSFL5,0000010000000100.00,-727365355,5246433620202020.20,-271981020
0,FEFC6,0000000000000000.00,-296517632,0000000000000000.00,276447232
0,FEFC6,0000000000000000.00,-1454730623,45464123520202020.20,-271981020
0,QXFC6,0000020000001200.00,2112952205,4546493520202020.20,-271981020
0,QXFC6,0000020000001200.00,2112962605,4146493520202020.20,-271981020
0,QXFC6,0000000000000000.00,-296517632,0000000000000000.00,386447232
0,QXFC6,0000000000000000.00,-296517632,0000000000000000.00,385947232
0,QXFC6,0000000000000000.00,-296517632,0000000000000000.00,386947232
0,QXFC6,0000000000000000.00,-296517632,0000000000000000.00,386947232
0,RAFE5/F5,0000000157000000.30,534404064,0000000099000000.15,335924170
0,RAFE5/F5,0000000151000000.27,534344064,0000000012000000.03,509606858
0,RAFE5/F5,0000000151000000.13,534344064,0000000101000000.07,2102189004
0,RAFE5/F5,0000000153000000.01,534364064,0000000124000000.01,-668705843
0,RAFE5/F5,0000000151000000.10,534344064,0000000102000000.10,-79950899
0,RAFE5/F5,0000000147000000.01,534314064,0000000101000000.07,1963563981
0,RAFE5/F5,0000000102000000.09,533914064,0000000000000000.13,-1568965683
0,NVFC6,0000000000000000.00,-296517632,0000000000000000.00,276447232
0,NVFC6,0000000000000000.00,-1454723623,56464123520202020.20,-271981020
0,NVFC6,0000000000000000.00,-296517632,0000000000000000.00,276447232
0,BRFH5,0000194000000000.11,1550982368,0000000000000000.00,276447232
0,BRFH5,0000193850000000.11,1550982368,0000000000000000.00,276447232
0,BRFH5,0000193850000000.11,1550982368,0000000000000000.00,276447232
0,BRFH5,0000193350000000.11,1550982368,0000000000000000.00,276447232
0,BRFH5,0000193250000000.11,1550982368,0000000000000000.00,276447232
0,BRFH5,0000030000001300.00,-1454629923,52464123520202020.20,-271981020
0,IYFL5,0000018400000000.01,-296517632,0000000000000000.00,461447232
0,IYFL5,0000020000000200.00,-1454728923,4146493520202020.20,-271981020
0,IYFL5,0000020000000200.00,-1454728523,4946493520202020.20,-271981020
0,IYFL5,0000020000000200.00,-1454737623,4246433620202020.20,-271981020
0,IYFL5,0000018250000000.01,-296517632,0000000000000000.00,459947232
0,KPFC6,0000000000000000.00,-296517632,0000000000000000.00,276447232
0,KPFC6,0000000000000000.00,-1454738323,5746433620202020.20,-271981020
0,KPFC6,0000000000000000.00,-727368955,4546493520202020.20,-271981020
0,RKFC6,0000000000000000.00,-727366155,411464123520202020.20,-271981020
0,RKFC6,0000000000000000.00,-1454731023,411464123520202020.20,-271981020
0,RKFC6,0000000000000000.00,-296517632,0000000000000000.00,276447232
0,RKFC6,0000000000000000.00,-1454732423,411464123520202020.20,-271981020
0,RKFC6,0000000000000000.00,-1454737923,411464123520202020.20,-271981020
0,QKFI5,0000002645000000.18,-296517632,0000000000000000.00,302847232
0,QKFI5,0000002645000000.04,-296517632,0000000000000000.00,302847232
0,QKFI5,0000002645000000.04,-296517632,0000000000000000.00,302847232
0,QKFI5,0000002645000000.04,-296517632,0000000000000000.00,302847232
0,QKFI5,0000002645000000.02,-296517632,0000000000000000.00,302847232
0,QKFI5,0000002645000000.02,-296517632,0000000000000000.00,302847232
0,QKFI5,0000002645000000.02,-296517632,0000000000000000.00,302847232
0,QKFI5,0000002645000000.17,-296517632,0000000000000000.00,302847232
0,IPFE5/F5,0000000044000000.20,533274064,0000000001000000.20,58674121
0,IPFE5/F5,0000000036000000.11,533194064,0000000001000000.01,370981837
0,UKFL5,0000070000004500.00,2044240993,5546433620202020.20,-271981020
0,UKFL5,0000070000004500.00,2044240593,5546433620202020.20,-271981020
0,UKFL5,0000002680000000.10,-269727632,0000002711000000.06,276447232
0,UKFL5,0000002677000000.10,-269757632,0000002708000000.06,276447232
0,UKFL5,0000070000004500.00,-1523423135,41246493520202020.20,-271981020
0,OUFC6,0000000000000000.00,-296517632,0000000000000000.00,276447232
0,OUFC6,0000000000000000.00,-296517632,0000000000000000.00,276447232
0,OUFC6,0000000000000000.00,-296517632,0000000000000000.00,276447232
0,EZFI5,0000005290000000.01,-296517632,0000000000000000.00,329247232
0,PKFL5,0000000000000000.00,-727367855,5046493520202020.20,-271981020
0,FTFE5,0000006270000000.02,-233917632,0000006320000000.04,338947232
0,FTFE5,0000006250000000.06,-234117632,0000006310000000.05,338847232
0,FTFE5,0000006270000000.02,-233917632,0000006320000000.08,338847232
0,FTFE5,0000006260000000.01,-234017632,0000006310000000.16,338847232
0,FTFE5,0000006270000000.01,-233917632,0000006320000000.04,338947232
0,FTFE5,0000006270000000.01,-233917632,0000006320000000.15,338947232
0,FTFE5,0000006260000000.03,-234017632,0000006310000000.04,338947232
0,FTFE5,0000006260000000.01,-234017632,0000006310000000.15,338947232
0,FTFE5,0000006250000000.04,-234117632,0000006310000000.03,338947232
0,FTFE5,0000006260000000.03,-234017632,0000006320000000.03,338947232
0,FTFE5,0000006260000000.03,-234017632,0000006310000000.04,338947232
0,FTFE5,0000006260000000.03,-234017632,0000006310000000.04,338947232
0,FTFE5,0000006250000000.04,-234117632,0000006300000000.06,338947232
0,FTFE5,0000006250000000.06,-234117632,0000006310000000.04,338947232
0,FTFE5,0000006260000000.01,-234017632,0000006310000000.09,338947232
0,FTFE5,0000006240000000.06,-234217632,0000006300000000.19,338747232
0,FTFE5,0000006230000000.05,-234317632,0000006290000000.11,338747232
0,FTFE5,0000006240000000.02,-234217632,0000006290000000.06,338847232
0,FTFE5,0000006260000000.01,-234017632,0000006310000000.03,338747232
0,FTFE5,0000006250000000.05,-234117632,0000006300000000.11,338947232
0,FTFE5,0000006260000000.01,-234017632,0000006310000000.07,338847232
0,FTFE5,0000006250000000.09,-234117632,0000006310000000.05,338847232
0,FTFE5,0000006270000000.02,-233917632,0000006320000000.14,338847232
0,FTFE5,0000006260000000.12,-234017632,0000006310000000.04,338847232
0,FTFE5,0000006260000000.11,-234017632,0000006320000000.02,338947232
0,FTFE5,0000006290000000.02,-233717632,0000006340000000.13,339247232
0,EYFL5,0000000000000000.00,-296517632,0000000000000000.00,276447232
0,RGFC6,0000000000000000.00,-727356155,47464123520202020.20,-271981020
0,PPFC6,0000000000000000.00,1313,50464123520202020.20,-271981020
0,PPFC6,0000000000000000.00,-1454727123,50464123520202020.20,-271981020
0,UQFL5,0000000000000000.00,-1454718923,5446463520202020.20,-271981020
0,UQFL5,0000000000000000.00,-1454717023,4546493520202020.20,-271981020
0,UQFL5,0000000000000000.00,-296517632,0000000000000000.00,1003447232
0,UQFL5,0000010000000100.00,2112871805,5246493520202020.20,-271981020
0,UQFL5,0000000000000000.00,-296517632,0000000000000000.00,1001447232
0,OVFC6,0000010000000100.00,-1454737423,56464123520202020.20,-271981020
0,QNFL5,0000020000000300.00,-1454718823,4546493520202020.20,-271981020
0,QNFL5,0000010000000100.00,-1454727123,5346493520202020.20,-271981020
0,QNFL5,0000010000000100.00,-1454723523,4346493520202020.20,-271981020
0,QNFL5,0000020000000300.00,-1454723023,4646493520202020.20,-271981020
0,SVFL5,0000010000000100.00,-1454721523,41146433620202020.20,-271981020
0,PJFL5,0000000000000000.00,-296517632,0000000000000000.00,276447232
0,PJFL5,0000000000000000.00,-727363755,5246493520202020.20,-271981020
0,GLFE5,0000005080000000.09,-245817632,0000005170000000.03,327047232
0,GLFE5,0000005080000000.02,-245817632,0000005160000000.02,327147232
0,GLFE5,0000005070000000.13,-245917632,0000005160000000.12,327147232
0,GLFE5,0000005050000000.13,-246117632,0000005130000000.02,327047232
0,GLFE5,0000005060000000.02,-246017632,0000005130000000.02,327147232
0,GLFE5,0000005040000000.11,-246217632,0000005110000000.01,326947232
0,GLFE5,0000005030000000.01,-246317632,0000005100000000.03,326647232
0,GLFE5,0000005010000000.04,-246517632,0000005100000000.03,326547232
0,GLFE5,0000005020000000.01,-246417632,0000005100000000.02,326547232
0,GLFE5,0000004990000000.01,-246667632,0000005100000000.01,326097232
0,USFI5,0000020000000200.00,-1454726723,5446463520202020.20,-271981020
0,SWFF5,0000018000000000.46,-117017632,0000018300000000.01,456947232
0,SWFF5,0000018050000000.01,-116517632,0000018350000000.10,456447232
0,SWFF5,0000018050000000.01,-116517632,0000018350000000.10,456447232
0,SWFF5,0000018050000000.01,-116517632,0000018350000000.10,456447232
0,SWFF5,0000018050000000.16,-116517632,0000018350000000.10,456447232
0,SWFF5,0000018100000000.13,-116017632,0000018350000000.10,456447232
0,SWFF5,0000018000000000.03,-117017632,0000018400000000.02,455947232
0,SWFF5,0000018000000000.19,-117017632,0000018300000000.13,455947232
0,SWFF5,0000018000000000.02,-117017632,0000018400000000.02,455947232
0,SWFF5,0000017900000000.81,-118017632,0000018300000000.13,454947232
0,SWFF5,0000017900000000.81,-118017632,0000018300000000.13,455447232
0,SWFF5,0000017950000000.15,-117517632,0000018300000000.13,455447232
0,SWFF5,0000017850000000.12,-118517632,0000018300000000.03,454447232
0,SWFF5,0000017950000000.03,-117517632,0000018400000000.01,455447232
0,SWFF5,0000017950000000.03,-117517632,0000018300000000.04,455447232
0,PLFL5,0000000000000000.00,-727358055,5346493520202020.20,-271981020
0,MKFF5,0000012450000000.01,-172517632,0000012700000000.04,400447232
0,MKFF5,0000012450000000.08,-172517632,0000012750000000.05,400947232
0,MKFF5,0000012500000000.03,-172517632,0000012750000000.05,400947232
0,MKFF5,0000012500000000.06,-172517632,0000012750000000.05,400947232
0,MKFF5,0000012500000000.06,-172517632,0000012800000000.03,400947232
0,MKFF5,0000012550000000.03,-171517632,0000012800000000.03,400947232
0,MKFF5,0000012550000000.03,-171517632,0000012800000000.03,400947232
0,MKFF5,0000012400000000.01,-173017632,0000012650000000.05,399947232
0,MKFF5,0000012400000000.05,-173017632,0000012650000000.09,399947232
0,PBFC6,0000000000000000.00,-1454737623,4746433620202020.20,-271981020
0,PBFC6,0000000000000000.00,-1454735123,4646493520202020.20,-271981020
0,PBFC6,0000000000000000.00,-1454735223,4546493520202020.20,-271981020
0,OKFI5,0000000000000000.00,-296517632,0000000000000000.00,276447232
0,FQFE5,0000010100000000.03,-196017632,0000010350000000.10,377447232
0,FQFE5,0000010100000000.13,-196017632,0000010400000000.03,377447232
0,FQFE5,0000010100000000.08,-196017632,0000010400000000.03,377447232
0,FQFE5,0000010100000000.04,-196017632,0000010400000000.02,376947232
0,FQFE5,0000010100000000.05,-196017632,0000010400000000.02,376947232
0,RRFL5,0000000000000000.00,-727358155,5446453520202020.20,-271981020
0,RRFL5,0000000000000000.00,-1454728723,5446453520202020.20,-271981020
0,SAFC6,0000010000000100.00,-1454731323,41464123520202020.20,-271981020
0,SAFC6,0000000000000000.00,-296517632,0000000000000000.00,494447232
0,OBFC6,0000000000000000.00,-727357955,4246493520202020.20,-271981020
0,OBFC6,0000010000000100.00,-1454732923,4246493520202020.20,-271981020
0,LOFE5,0000002480000000.10,-271767632,0000002510000000.06,301197232
0,LOFE5,0000002480000000.10,-271767632,0000002510000000.06,301197232
0,LOFE5,0000002480000000.06,-271767632,0000002515000000.05,301247232
0,LOFE5,0000002480000000.01,-271767632,0000002520000000.23,301247232
0,QIFL5,0000010000000100.00,-727358255,5246493520202020.20,-271981020
0,QIFL5,0000010000000100.00,-727358355,41446493520202020.20,-271981020
0,QIFL5,0000010000000100.00,-1454729023,5446463620202020.20,-271981020
0,QIFL5,0000010000000100.00,-1454738023,4846453520202020.20,-271981020
0,NEFI5,0000007300000000.01,-296517632,0000000000000000.00,276447232
0,NEFI5,0000007160000000.01,-296517632,0000000000000000.00,347947232
0,NEFI5,0000007260000000.01,-296517632,0000000000000000.00,348947232
0,NEFI5,0000007280000000.01,-296517632,0000000000000000.00,349047232
0,NEFI5,0000007290000000.01,-296517632,0000000000000000.00,349247232
0,GWFE5,0000013500000000.08,-162017632,0000000000000000.00,411447232
0,GWFE5,0000013500000000.08,-162017632,0000000000000000.00,411447232
0,GWFE5,0000013500000000.09,-162017632,0000000000000000.00,411447232
0,GWFE5,0000013450000000.04,-162517632,0000000000000000.00,410447232
0,GWFE5,0000013500000000.01,-162017632,0000000000000000.00,410947232
0,GWFE5,0000013500000000.01,-162017632,0000000000000000.00,410947232
0,GWFE5,0000013450000000.03,-162517632,0000000000000000.00,410947232
0,GWFE5,0000013400000000.06,-163017632,0000013700000000.02,410447232
0,GWFE5,0000013450000000.01,-162517632,0000000000000000.00,410447232
0,GWFE5,0000013450000000.01,-162517632,0000000000000000.00,410447232
0,SFFI5,0000010000000100.00,-1454729823,5146493520202020.20,-271981020
0,SFFI5,0000000000000000.00,-296517632,0000000000000000.00,925447232
0,LMFL5,0000020000000200.00,-1454728623,4246463520202020.20,-271981020
0,LMFL5,0000011350000000.01,-296517632,0000000000000000.00,391447232
0,PYFI5,0000020000001100.00,-1454637823,4346493520202020.20,-271981020
0,PYFI5,0000020000001100.00,-727363755,5146493520202020.20,-271981020
0,PYFI5,0000083100000000.10,-296517632,0000000000000000.00,1106447232
0,HCFE5,0000003945000000.03,-257117632,0000003980000000.05,315597232
0,HCFE5,0000003935000000.04,-257217632,0000003970000000.07,315347232
0,HCFE5,0000003980000000.01,-256767632,0000004015000000.04,276447232
0,HCFE5,0000003985000000.03,-256717632,0000004025000000.03,276447232
0,HCFE5,0000003985000000.03,-256717632,0000004025000000.03,276447232
0,HCFE5,0000003985000000.02,-256717632,0000004025000000.03,316247232
0,HCFE5,0000003960000000.01,-256967632,0000003995000000.07,316147232
0,HCFE5,0000003960000000.02,-256967632,0000003995000000.07,315947232
0,HCFE5,0000003970000000.03,-256867632,0000004010000000.03,315947232
0,HCFE5,0000003990000000.03,-256667632,0000004030000000.02,276447232
0,HCFE5,0000004005000000.02,-256517632,0000004080000000.01,276447232
0,HCFE5,0000004015000000.01,-256417632,0000004060000000.03,276447232
0,HCFE5,0000004025000000.01,-256317632,0000004075000000.03,316697232
0,HCFE5,0000004020000000.02,-256367632,0000004065000000.01,316747232
0,HCFE5,0000004010000000.01,-256467632,0000004040000000.03,276447232
0,HCFE5,0000004010000000.01,-256467632,0000004040000000.03,276447232
0,HCFE5,0000003985000000.03,-256717632,0000004025000000.03,316197232
0,HCFE5,0000003990000000.02,-256667632,0000004025000000.03,316197232
0,HCFE5,0000003990000000.01,-256667632,0000004030000000.03,316197232
0,HCFE5,0000003990000000.03,-256667632,0000004025000000.05,316397232
0,HCFE5,0000003975000000.02,-256817632,0000004010000000.01,316197232
0,HCFE5,0000003970000000.03,-256867632,0000004005000000.02,316097232
0,HCFE5,0000003960000000.04,-256967632,0000003995000000.03,316097232
0,HCFE5,0000003960000000.04,-256967632,0000004000000000.02,316097232
0,HCFE5,0000003975000000.01,-256817632,0000004010000000.01,316197232
0,HCFE5,0000003980000000.02,-256767632,0000004015000000.06,316247232
0,HCFE5,0000003980000000.01,-256767632,0000004020000000.03,316147232
0,HCFE5,0000003980000000.02,-256767632,0000004020000000.04,316197232
0,HCFE5,0000003980000000.02,-256767632,0000004020000000.05,316197232
0,HCFE5,0000003980000000.02,-256767632,0000004030000000.01,316197232
0,EKFC6,0000000000000000.00,-296517632,0000000000000000.00,276447232
0,PYFC6,0000010000000200.00,-727344355,59464123520202020.20,-271981020
0,PYFC6,0000010000000200.00,-727358555,59464123520202020.20,-271981020
0,PYFC6,0000010000000200.00,-1454728723,59464123520202020.20,-271981020
0,FWFE5,0000001655000000.01,-280017632,0000001690000000.01,292997232
0,FWFE5,0000001640000000.11,-280167632,0000001675000000.01,292897232
0,FWFE5,0000001635000000.13,-280267632,0000001670000000.01,292847232
0,FWFE5,0000001640000000.03,-280167632,0000001675000000.01,292697232
0,FWFE5,0000001635000000.15,-280217632,0000001675000000.01,292647232
0,FWFE5,0000001635000000.03,-280217632,0000001670000000.01,292747232
0,FWFE5,0000001635000000.12,-280217632,0000001675000000.01,292797232
0,FWFE5,0000001635000000.14,-280217632,0000001675000000.01,292747232
0,FWFE5,0000001630000000.15,-280267632,0000001665000000.07,292697232
0,FWFE5,0000001635000000.03,-280217632,0000001690000000.01,292697232
0,FWFE5,0000001635000000.06,-280217632,0000001695000000.01,292747232
0,RLFL5,0000000000000000.00,-727361855,5446453520202020.20,-271981020
0,FEFI5,0000003635000000.05,-296517632,0000000000000000.00,312747232
0,FEFI5,0000003630000000.05,-296517632,0000000000000000.00,312697232
0,FEFI5,0000020000000200.00,-1454690023,58464123520202020.20,-271981020
0,FEFI5,0000003625000000.04,-296517632,0000000000000000.00,312647232
0,FEFI5,0000020000000400.00,-1454699823,43464123520202020.20,-271981020
0,GLFL5,0000000000000000.00,-296517632,0000000000000000.00,276447232
0,GLFL5,0000004805000000.01,-296517632,0000000000000000.00,276447232
0,GLFL5,0000010000000100.00,-1454732323,41546433620202020.20,-271981020
0,IOFL5,0000000000000000.00,-296517632,0000000000000000.00,778447232
0,IOFL5,0000000000000000.00,-296517632,0000000000000000.00,781447232
0,IOFL5,0000000000000000.00,-296517632,0000000000000000.00,781447232
0,LOFF5,0000002480000000.01,-271767632,0000000000000000.00,301197232
0,LOFF5,0000002485000000.02,-271817632,0000000000000000.00,301247232
0,LOFF5,0000002490000000.01,-271667632,0000000000000000.00,301297232
0,LOFF5,0000002490000000.01,-271667632,0000000000000000.00,301247232
0,LOFF5,0000002485000000.02,-271717632,0000000000000000.00,301247232
0,LOFF5,0000002485000000.02,-271717632,0000000000000000.00,301247232
0,QZFL5,0000001490000000.01,-296517632,0000000000000000.00,276447232
0,PMFC6,0000000000000000.00,-727354555,413464123520202020.20,-271981020
0,JPFC6,0000000000000000.00,-1454727423,50464123520202020.20,-271981020
0,SYFL5,0000000000000000.00,-1454724523,4346433620202020.20,-271981020
0,SYFL5,0000000000000000.00,-1454730023,4846493520202020.20,-271981020
0,RXFI5,0000000000000000.00,-727359855,4546433620202020.20,-271981020
0,KPFL5,0000002965000000.01,-296517632,0000000000000000.00,276447232
0,KPFL5,0000002970000000.01,-296517632,0000000000000000.00,276447232
0,RNFI5,0000000000000000.00,-727364655,5446433620202020.20,-271981020
0,RNFI5,0000000000000000.00,-296517632,0000000000000000.00,335947232
0,OPFE5/F5,0000000180000000.03,534634064,0000000151000000.01,1132616650
0,OPFE5/F5,0000000179000000.02,534644064,0000000100000000.01,-564335670
0,PAFL5,0000010000000100.00,-727361255,4346493520202020.20,-271981020
0,QZFI5,0000010000000100.00,2113071005,4846433620202020.20,-271981020
0,QZFI5,0000010000000200.00,-1454524323,4846433620202020.20,-271981020
0,NBFC6,0000000000000000.00,-296517632,0000000000000000.00,276447232
0,NJFI5,0000000000000000.00,-296517632,0000000000000000.00,321547232
0,NJFI5,0000000000000000.00,-296517632,0000000000000000.00,321547232
0,NJFI5,0000000000000000.00,-296517632,0000000000000000.00,321547232
0,NJFI5,0000020000001100.00,2112910905,5246433620202020.20,-271981020
0,QEFI5,0000020000000200.00,-1454687423,4246433620202020.20,-271981020
0,DEFF5,0000002285000000.01,-273717632,0000000000000000.00,299147232
0,DEFF5,0000002310000000.01,-273667632,0000000000000000.00,299297232
0,DEFF5,0000002285000000.01,-273717632,0000000000000000.00,299497232
0,DEFF5,0000002285000000.01,-273717632,0000000000000000.00,299497232
0,DEFF5,0000002285000000.01,-273717632,0000000000000000.00,299497232
0,DEFF5,0000002285000000.09,-273717632,0000000000000000.00,299297232
0,DEFF5,0000002285000000.09,-273717632,0000000000000000.00,299297232
0,DEFF5,0000002285000000.09,-273717632,0000000000000000.00,299347232
0,DEFF5,0000002300000000.01,-273667632,0000000000000000.00,299347232
0,DEFF5,0000002300000000.01,-273667632,0000000000000000.00,299347232
0,DEFF5,0000002300000000.01,-273667632,0000000000000000.00,299347232
0,DEFF5,0000002300000000.01,-273667632,0000000000000000.00,299347232
0,SBFE5,0000001350000000.10,-296517632,0000000000000000.00,276447232
0,QAFF5,0000356500000000.20,-1031484928,0000366500000000.03,-463520064
0,QAFF5,0000360000000000.02,-1021484928,0000369500000000.03,-393520064
0,QAFF5,0000367000000000.10,-926484928,0000372000000000.20,-368520064
0,QAFF5,0000367000000000.10,-926484928,0000374500000000.10,-363520064
0,QAFF5,0000367000000000.10,-926484928,0000375000000000.03,-378520064
0,QAFF5,0000367000000000.10,-926484928,0000372000000000.01,-378520064
0,QAFF5,0000367000000000.01,-926484928,0000375000000000.03,-363520064
0,QAFF5,0000369000000000.30,-911484928,0000376000000000.01,-343520064
0,QAFF5,0000370000000000.20,-896484928,0000380000000000.04,-338520064
0,QAFF5,0000370000000000.20,-896484928,0000380000000000.04,-338520064
0,QAFF5,0000371000000000.30,-886484928,0000380500000000.01,-333520064
0,QAFF5,0000371000000000.30,-886484928,0000380000000000.04,-333520064
0,QAFF5,0000371000000000.30,-886484928,0000380000000000.04,-333520064
0,QAFF5,0000371000000000.30,-886484928,0000380000000000.04,-333520064
0,QAFF5,0000372500000000.11,-876484928,0000380000000000.04,-328520064
0,QAFF5,0000372500000000.11,-876484928,0000380000000000.04,-328520064
0,QAFF5,0000372500000000.11,-876484928,0000379500000000.10,-328520064
0,QAFF5,0000374500000000.05,-851484928,0000380500000000.01,276447232
0,QAFF5,0000376000000000.05,-836484928,0000381500000000.01,276447232
0,QAFF5,0000376000000000.05,-836484928,0000381500000000.01,276447232
0,QAFF5,0000376000000000.10,-836484928,0000381500000000.01,276447232
0,QAFF5,0000376000000000.04,-836484928,0000381000000000.01,-283520064
0,QAFF5,0000376500000000.03,-831484928,0000381000000000.01,-268520064
0,QAFF5,0000375000000000.01,-856484928,0000380000000000.07,-283520064
0,QAFF5,0000371500000000.01,-881484928,0000379500000000.10,-293520064
0,QAFF5,0000371000000000.01,-886484928,0000381500000000.01,-308520064
0,QAFF5,0000371000000000.01,-886484928,0000379500000000.10,-323520064
0,QAFF5,0000372000000000.10,-881484928,0000379500000000.10,-303520064
0,QAFF5,0000371500000000.10,-881484928,0000377500000000.10,-308520064
0,QAFF5,0000371000000000.01,-886484928,0000378500000000.10,-308520064
0,QAFF5,0000371000000000.01,-886484928,0000380000000000.09,-308520064
0,QAFF5,0000374500000000.10,-866484928,0000380500000000.10,-278520064
0,QAFF5,0000371000000000.11,-886484928,0000380000000000.06,-278520064
0,QAFF5,0000374000000000.10,-856484928,0000380500000000.10,-298520064
0,QAFF5,0000374000000000.10,-856484928,0000380500000000.10,-298520064
0,QAFF5,0000374500000000.10,-851484928,0000381500000000.01,-293520064
0,QAFF5,0000375000000000.10,-846484928,0000381500000000.01,-288520064
0,QAFF5,0000375500000000.10,-841484928,0000000000000000.00,-283520064
0,QAFF5,0000376000000000.10,-836484928,0000000000000000.00,-278520064
0,QAFF5,0000376000000000.10,-836484928,0000382000000000.10,-278520064
0,QAFF5,0000375500000000.10,-841484928,0000381500000000.01,-298520064
0,QAFF5,0000375500000000.10,-841484928,0000381500000000.01,-298520064
0,QAFF5,0000375000000000.01,-856484928,0000000000000000.00,-293520064
0,QAFF5,0000376000000000.04,-836484928,0000000000000000.00,-283520064
0,QAFF5,0000376500000000.01,-836484928,0000000000000000.00,-283520064
0,QAFF5,0000376500000000.02,-831484928,0000382000000000.13,-273520064
0,QAFF5,0000372500000000.01,-871484928,0000380000000000.01,-288520064
0,QAFF5,0000373500000000.01,-861484928,0000380500000000.01,-288520064
0,QAFF5,0000371500000000.10,-881484928,0000380500000000.11,-363520064
0,QAFF5,0000371500000000.10,-881484928,0000380500000000.11,-363520064
0,QAFF5,0000371500000000.10,-881484928,0000380500000000.11,-363520064
0,QAFF5,0000371500000000.10,-881484928,0000380500000000.11,-363520064
0,QAFF5,0000371500000000.10,-881484928,0000380500000000.11,-363520064
0,QAFF5,0000371500000000.10,-881484928,0000380500000000.11,-363520064
0,QAFF5,0000371500000000.10,-881484928,0000380500000000.11,-363520064
0,QAFF5,0000371500000000.10,-881484928,0000380500000000.11,-363520064
0,QAFF5,0000371500000000.10,-881484928,0000380500000000.11,-313520064
0,QAFF5,0000372500000000.11,-871484928,0000380500000000.11,276447232
0,QAFF5,0000373000000000.10,-876484928,0000380500000000.01,-303520064
0,QAFF5,0000372000000000.10,-876484928,0000381000000000.02,-303520064
0,QAFF5,0000372000000000.02,-876484928,0000381500000000.01,-293520064
0,QAFF5,0000372000000000.02,-876484928,0000380500000000.10,-298520064
0,QAFF5,0000372000000000.02,-876484928,0000379500000000.10,-313520064
0,QAFF5,0000372000000000.02,-876484928,0000379000000000.04,-308520064
0,QAFF5,0000372500000000.03,-876484928,0000379500000000.12,-313520064
0,QAFF5,0000372500000000.03,-876484928,0000380000000000.03,-298520064
0,QAFF5,0000372500000000.03,-876484928,0000380000000000.03,-303520064
0,QAFF5,0000366500000000.06,-936484928,0000376000000000.02,-338520064
0,QAFF5,0000366500000000.06,-936484928,0000376000000000.02,-343520064
0,QAFF5,0000367500000000.02,-926484928,0000373000000000.11,-358520064
0,QAFF5,0000367000000000.01,-926484928,0000372000000000.01,-353520064
0,QAFF5,0000368000000000.01,-916484928,0000372000000000.02,-358520064
0,IIFE5,0000005390000000.02,-242717632,0000005450000000.13,330347232
0,IIFE5,0000005390000000.01,-242717632,0000005450000000.13,330347232
0,IIFE5,0000005380000000.04,-242817632,0000005440000000.02,330247232
0,IIFE5,0000005350000000.04,-243117632,0000005410000000.06,329947232
0,IIFE5,0000005310000000.06,-243517632,0000005370000000.04,329547232
0,IIFE5,0000005300000000.03,-243617632,0000005360000000.05,329447232
0,IIFE5,0000005300000000.02,-243617632,0000005360000000.03,329447232
0,IIFE5,0000005280000000.03,-243817632,0000005340000000.07,329047232
0,IIFE5,0000005290000000.02,-243717632,0000005350000000.04,329147232
0,IIFE5,0000005270000000.03,-243917632,0000005340000000.03,329047232
0,IIFE5,0000005290000000.03,-243717632,0000005360000000.07,329247232
0,IIFE5,0000005320000000.02,-243417632,0000005380000000.05,329347232
0,IIFE5,0000005310000000.04,-243517632,0000005370000000.14,329547232
0,IIFE5,0000005300000000.04,-243617632,0000005350000000.15,329347232
0,IIFE5,0000005250000000.03,-244117632,0000005310000000.07,328847232
0,IIFE5,0000005250000000.03,-244117632,0000005310000000.07,328847232
0,IIFE5,0000005240000000.03,-244217632,0000005310000000.07,328947232
0,IIFE5,0000005240000000.03,-244217632,0000005310000000.07,328847232
0,IIFE5,0000005250000000.02,-244117632,0000005310000000.07,328847232
0,IIFE5,0000005250000000.02,-244117632,0000005310000000.04,276447232
0,IIFE5,0000005260000000.03,-244017632,0000005320000000.04,276447232
0,IIFE5,0000005260000000.03,-244017632,0000005330000000.03,276447232
0,IIFE5,0000005270000000.01,-243917632,0000005330000000.03,329147232
0,IIFE5,0000005270000000.01,-243917632,0000005330000000.05,329247232
0,IIFE5,0000005270000000.02,-243917632,0000005330000000.05,329247232
0,IIFE5,0000005270000000.02,-243917632,0000005330000000.04,329147232
0,IIFE5,0000005280000000.03,-243817632,0000005350000000.02,329247232
0,OZFE5/F5,0000000039000000.10,533224064,0000000063000000.02,-841585718
0,OZFE5/F5,0000000033000000.07,533164064,0000000063000000.02,24419275
0,OZFE5/F5,0000000031000000.12,533214064,0000000063000000.02,959736780
0,OZFE5/F5,0000000028000000.69,533124064,0000000051000000.10,-738018356
0,OXFE5,0000077600000000.01,478482368,0000000000000000.00,1038447232
0,OXFE5,0000000000000000.00,-296517632,0000000000000000.00,276447232
0,OXFE5,0000077900000000.01,-296517632,0000000000000000.00,1041447232
0,OXFE5,0000075300000000.01,-296517632,0000000000000000.00,1015447232
0,OXFE5,0000076600000000.01,-296517632,0000000000000000.00,1028447232
0,OXFE5,0000077500000000.01,-296517632,0000000000000000.00,1037447232
0,OXFE5,0000000000000000.00,-296517632,0000000000000000.00,276447232
0,OXFE5,0000078000000000.01,-296517632,0000000000000000.00,276447232
0,OXFE5,0000077000000000.01,472482368,0000000000000000.00,1045447232
0,OXFE5,0000078500000000.01,487482368,0000000000000000.00,1058447232
0,OXFE5,0000078700000000.01,-296517632,0000000000000000.00,1059447232
0,OXFE5,0000079100000000.02,493482368,0000000000000000.00,1062447232
0,OXFE5,0000080000000000.01,502482368,0000000000000000.00,1070447232
0,OXFE5,0000079900000000.02,501482368,0000000000000000.00,1073447232
0,OXFE5,0000080300000000.02,-296517632,0000000000000000.00,1071447232
0,OXFE5,0000080100000000.01,-296517632,0000000000000000.00,1071447232
0,OXFE5,0000000000000000.00,-296517632,0000000000000000.00,1070447232
0,OXFE5,0000000000000000.00,-296517632,0000000000000000.00,1070447232
0,OXFE5,0000079600000000.01,-296517632,0000000000000000.00,1072447232
0,OXFE5,0000080200000000.01,504482368,0000082900000000.01,1077447232
0,OXFE5,0000080800000000.01,510482368,0000083000000000.01,1079447232
0,OXFE5,0000080800000000.01,510482368,0000082900000000.01,1081447232
0,OXFE5,0000080600000000.02,-296517632,0000000000000000.00,1081447232
0,OXFE5,0000080600000000.02,-296517632,0000000000000000.00,1081447232
0,OXFE5,0000080400000000.01,-296517632,0000082800000000.02,1079447232
0,OXFE5,0000080400000000.01,-296517632,0000000000000000.00,1079447232
0,OXFE5,0000080400000000.01,506482368,0000000000000000.00,1079447232
0,OXFE5,0000080400000000.01,-296517632,0000000000000000.00,1079447232
0,OXFE5,0000080400000000.01,-296517632,0000000000000000.00,1079447232
0,OXFE5,0000080400000000.01,506482368,0000000000000000.00,1079447232
0,OXFE5,0000080500000000.01,507482368,0000000000000000.00,1080447232
0,OXFE5,0000080800000000.02,510482368,0000083000000000.01,1081447232
0,OXFE5,0000080800000000.01,-296517632,0000083000000000.01,1083447232
0,OXFE5,0000080800000000.01,-296517632,0000083100000000.01,1083447232
0,OXFE5,0000080800000000.01,510482368,0000083200000000.01,1084447232
0,OXFE5,0000081000000000.01,512482368,0000083200000000.01,1085447232
0,OXFE5,0000081200000000.01,514482368,0000000000000000.00,1085447232
0,OXFE5,0000081300000000.01,-296517632,0000000000000000.00,1086447232
0,OXFE5,0000081400000000.02,-296517632,0000083800000000.01,1089447232
0,OXFE5,0000081500000000.02,-296517632,0000000000000000.00,1088447232
0,OXFE5,0000081400000000.02,-296517632,0000000000000000.00,1089447232
0,OXFE5,0000081300000000.03,515482368,0000000000000000.00,1088447232
0,OXFE5,0000081300000000.01,-296517632,0000083800000000.01,1088447232
0,OXFE5,0000081500000000.01,-296517632,0000000000000000.00,1090447232
0,OXFE5,0000082100000000.01,-296517632,0000000000000000.00,1096447232
0,OXFE5,0000082200000000.01,-296517632,0000000000000000.00,1097447232
0,OXFE5,0000082200000000.01,-296517632,0000000000000000.00,1097447232
0,IOFF5,0000050500000000.01,203482368,0000052700000000.02,791447232
0,IOFF5,0000051500000000.01,217482368,0000052500000000.02,789447232
0,IOFF5,0000051500000000.01,217482368,0000052500000000.02,789447232
0,IOFF5,0000051500000000.02,217482368,0000052200000000.04,788447232
0,IOFF5,0000051500000000.02,217482368,0000052500000000.02,789447232
0,IOFF5,0000051500000000.02,217482368,0000052200000000.04,789447232
0,IOFF5,0000051300000000.01,215482368,0000052200000000.03,789447232
0,IOFF5,0000051300000000.01,215482368,0000052200000000.03,789447232
0,IOFF5,0000051400000000.01,215482368,0000052200000000.03,789447232
0,IOFF5,0000051600000000.02,218482368,0000052400000000.01,792447232
0,IOFF5,0000051500000000.03,217482368,0000052100000000.01,790447232
0,IOFF5,0000051400000000.02,216482368,0000052100000000.01,791447232
0,IOFF5,0000051500000000.01,217482368,0000052100000000.01,791447232
0,IOFF5,0000051500000000.01,217482368,0000052100000000.01,791447232
0,IOFF5,0000051200000000.04,214482368,0000052000000000.05,788447232
0,IOFF5,0000051200000000.01,214482368,0000051900000000.03,787447232
0,IOFF5,0000051400000000.07,216482368,0000052000000000.06,790447232
0,IOFF5,0000051100000000.02,213482368,0000051900000000.03,787447232
0,IOFF5,0000051100000000.02,213482368,0000051900000000.03,787447232
0,IOFF5,0000051300000000.02,215482368,0000052000000000.04,788447232
0,IOFF5,0000051300000000.01,215482368,0000052000000000.04,788447232
0,IOFF5,0000051400000000.01,216482368,0000052000000000.04,788447232
0,IOFF5,0000051400000000.01,216482368,0000052100000000.02,788447232
0,IOFF5,0000051400000000.01,216482368,0000052000000000.04,789447232
0,UPFC6,0000000000000000.00,-727360155,50464123520202020.20,-271981020
0,UPFC6,0000000000000000.00,-727354755,50464123520202020.20,-271981020
0,UPFC6,0000010000000100.00,-1454728423,50464123520202020.20,-271981020
0,UPFC6,0000000000000000.00,-296517632,0000000000000000.00,1004447232
0,UPFC6,0000000000000000.00,-296517632,0000000000000000.00,1011447232
0,UPFC6,0000010000000100.00,-1454727823,50464123520202020.20,-271981020
0,CGFL5,0000002805000000.01,-296517632,0000000000000000.00,276447232
0,CGFL5,0000002815000000.01,-296517632,0000000000000000.00,276447232
0,CGFL5,0000002805000000.01,-296517632,0000000000000000.00,276447232
0,CGFL5,0000002805000000.01,-296517632,0000000000000000.00,276447232
0,CGFL5,0000000000000000.00,-296517632,0000000000000000.00,276447232
0,CGFL5,0000000000000000.00,-296517632,0000000000000000.00,276447232
0,CGFL5,0000000000000000.00,-296517632,0000000000000000.00,276447232
0,CGFL5,0000000000000000.00,-1454737223,413464123520202020.20,-271981020
0,CGFL5,0000010000000100.00,-1454726623,52464123520202020.20,-271981020
0,JBFE5/F5,0000000643000000.03,539264064,0000000602000000.09,-1984840755
0,IAFF5,0000030000000600.00,-1454438423,4946463520202020.20,-271981020
0,IAFF5,0000001450000000.07,-282067632,0000000000000000.00,290847232
0,IAFF5,0000001450000000.23,-282517632,0000000000000000.00,290947232
0,QDFL5,0000000000000000.00,-1454723823,41446493520202020.20,-271981020
0,PVFC6,0000000000000000.00,-296517632,0000000000000000.00,276447232
0,PVFC6,0000000000000000.00,-727358655,56464123520202020.20,-271981020
0,PVFC6,0000000000000000.00,-1454734823,56464123520202020.20,-271981020
0,SCFE5,0000027900000000.01,-18017632,0000028300000000.04,554947232
0,SCFE5,0000027900000000.02,-18017632,0000028300000000.04,554447232
0,SCFE5,0000027800000000.20,-19017632,0000028150000000.03,554447232
0,SCFE5,0000027800000000.20,-19017632,0000028150000000.03,554447232
0,SCFE5,0000027750000000.22,-19517632,0000028050000000.03,552447232
0,SCFE5,0000027500000000.65,-26517632,0000027950000000.03,551447232
0,SCFE5,0000027400000000.35,-23517632,0000027800000000.03,549947232
0,SCFE5,0000027400000000.35,-23517632,0000027800000000.03,549947232
0,SCFE5,0000027400000000.30,-23017632,0000027750000000.03,551447232
0,SCFE5,0000027450000000.20,-22517632,0000027800000000.12,551447232
0,SCFE5,0000027400000000.20,-23017632,0000027750000000.32,549947232
0,SCFE5,0000027300000000.02,-24017632,0000027650000000.15,549447232
0,SCFE5,0000027300000000.03,-24017632,0000027650000000.15,549447232
0,SCFE5,0000027300000000.02,-24017632,0000027650000000.15,549447232
0,SCFE5,0000027300000000.02,-24017632,0000027650000000.15,549447232
0,SCFE5,0000027300000000.22,-24017632,0000027650000000.20,549447232
0,SCFE5,0000027300000000.02,-24017632,0000027650000000.20,549447232
0,SCFE5,0000027300000000.02,-24017632,0000027650000000.20,549447232
0,SCFE5,0000027600000000.06,-21017632,0000027900000000.09,550447232
0,SCFE5,0000027650000000.02,-20517632,0000027950000000.03,551447232
0,SCFE5,0000027500000000.04,-22017632,0000027900000000.04,551447232
0,SCFE5,0000027500000000.04,-22017632,0000027950000000.10,551447232
0,SCFE5,0000027500000000.20,-22017632,0000027950000000.03,551447232
0,SCFE5,0000027500000000.40,-22017632,0000028000000000.09,551447232
0,SCFE5,0000027550000000.01,-21517632,0000028000000000.07,551447232
0,SCFE5,0000027550000000.01,-21517632,0000027950000000.01,550947232
0,SCFE5,0000027550000000.21,-21517632,0000027950000000.01,550947232
0,SCFE5,0000027550000000.02,-21517632,0000027900000000.20,551447232
0,SCFE5,0000027550000000.01,-21517632,0000027950000000.01,551447232
0,SCFE5,0000027550000000.01,-21517632,0000028000000000.04,551447232
0,SCFE5,0000027550000000.01,-21517632,0000028000000000.14,551447232
0,SCFE5,0000027550000000.01,-21517632,0000027950000000.07,551447232
0,SCFE5,0000027550000000.01,-21517632,0000027900000000.02,551447232
0,SCFE5,0000027500000000.05,-22017632,0000027950000000.01,550447232
0,SCFE5,0000027500000000.05,-22017632,0000027750000000.03,549947232
0,SCFE5,0000027400000000.23,-23017632,0000027750000000.10,549447232
0,SCFE5,0000027300000000.03,-24017632,0000027650000000.10,548447232
0,SCFE5,0000027200000000.01,-25017632,0000027550000000.02,548447232
0,SCFE5,0000027250000000.12,-24517632,0000027950000000.01,547947232
0,SCFE5,0000027150000000.02,-25517632,0000027550000000.39,547947232
0,SCFE5,0000027000000000.03,-27017632,0000027350000000.23,545947232
0,SCFE5,0000027000000000.03,-27017632,0000027350000000.20,545447232
0,SCFE5,0000027000000000.01,-27017632,0000027350000000.20,545447232
0,SCFE5,0000027000000000.13,-27017632,0000027400000000.33,545947232
0,SCFE5,0000027000000000.03,-27017632,0000027350000000.30,545447232
0,SCFE5,0000026900000000.16,-28017632,0000027300000000.60,545447232
0,SCFE5,0000026900000000.11,-28017632,0000027300000000.60,545447232
0,SCFE5,0000026950000000.10,-27517632,0000027950000000.01,545447232
0,SCFE5,0000026900000000.07,-28017632,0000027950000000.01,545447232
0,SCFE5,0000026950000000.17,-27517632,0000027950000000.01,545447232
0,SCFE5,0000026950000000.15,-27517632,0000027950000000.01,545447232
0,SCFE5,0000026900000000.02,-28017632,0000027350000000.39,545447232
0,SCFE5,0000026850000000.10,-28517632,0000027400000000.42,545447232
0,SCFE5,0000026900000000.02,-28017632,0000027300000000.19,545447232
0,SCFE5,0000026800000000.30,-29017632,0000027950000000.01,543947232
0,SCFE5,0000026800000000.40,-29517632,0000027950000000.01,543947232
0,SCFE5,0000026850000000.17,-28517632,0000027250000000.09,544447232
0,SCFE5,0000026850000000.03,-28517632,0000027950000000.01,543447232
0,SCFE5,0000026850000000.03,-28517632,0000027950000000.01,543947232
0,SCFE5,0000026850000000.23,-28517632,0000027300000000.04,544447232
0,SCFE5,0000026850000000.23,-28517632,0000027300000000.03,544447232
0,SCFE5,0000026850000000.18,-28517632,0000027250000000.16,544447232
0,SCFE5,0000026850000000.23,-28517632,0000027300000000.03,544447232
0,SCFE5,0000026900000000.13,-28017632,0000027400000000.08,544947232
0,SCFE5,0000026900000000.13,-28017632,0000027300000000.03,544947232
0,SCFE5,0000026900000000.13,-28017632,0000027350000000.03,544947232
0,SCFE5,0000026900000000.23,-28017632,0000027350000000.04,544947232
0,SCFE5,0000026950000000.18,-27517632,0000027400000000.02,545447232
0,SCFE5,0000026950000000.18,-27517632,0000027400000000.02,545447232
0,SCFE5,0000026950000000.18,-27517632,0000027400000000.02,545447232
0,SCFE5,0000027000000000.04,-27017632,0000027350000000.03,545947232
0,SCFE5,0000027000000000.04,-27017632,0000027350000000.03,545947232
0,SCFE5,0000027050000000.11,-26517632,0000027400000000.20,545947232
0,OUFI5,0000000000000000.00,-1454728223,5846493520202020.20,-271981020
0,OUFI5,0000000000000000.00,-296517632,0000000000000000.00,276447232
0,OUFI5,0000000000000000.00,-1454724323,5846493520202020.20,-271981020
0,OUFI5,0000000000000000.00,-296517632,0000000000000000.00,276447232
0,OUFI5,0000000000000000.00,-1454739623,4546493520202020.20,-271981020
0,OUFI5,0000000000000000.00,-727366655,4346433620202020.20,-271981020
0,OUFI5,0000000000000000.00,-296517632,0000000000000000.00,276447232
0,OUFI5,0000000000000000.00,-296517632,0000000000000000.00,276447232
0,PWFE5,0000232000000000.03,2018482368,0000234500000000.08,-1708520064
0,PWFE5,0000233000000000.17,2028482368,0000235500000000.07,-1688520064
0,PWFE5,0000234500000000.03,2043482368,0000237000000000.03,-1683520064
0,PWFE5,0000234000000000.15,2038482368,0000236500000000.20,-1683520064
0,PWFE5,0000232500000000.06,2023482368,0000235000000000.13,-1698520064
0,PWFE5,0000232500000000.05,2023482368,0000235000000000.13,-1698520064
0,PWFE5,0000231000000000.03,2008482368,0000233500000000.12,-1708520064
0,PWFE5,0000230000000000.02,1998482368,0000232500000000.11,-1723520064
0,PWFE5,0000229500000000.10,1993482368,0000232000000000.17,-1728520064
0,PWFE5,0000230000000000.01,1998482368,0000232500000000.24,-1723520064
0,PWFE5,0000229500000000.14,1993482368,0000232500000000.24,-1723520064
0,PWFE5,0000229500000000.06,1993482368,0000232000000000.11,-1723520064
0,PWFE5,0000230000000000.10,1998482368,0000232500000000.12,-1718520064
0,PWFE5,0000230000000000.10,1998482368,0000232500000000.32,-1718520064
0,PWFE5,0000230500000000.01,2003482368,0000233000000000.14,-1718520064
0,PWFE5,0000230000000000.04,1998482368,0000232500000000.16,-1718520064
0,PWFE5,0000230000000000.10,1998482368,0000232500000000.16,-1718520064
0,PWFE5,0000230000000000.13,1998482368,0000233000000000.09,-1718520064
0,PWFE5,0000230500000000.07,2003482368,0000233000000000.12,-1718520064
0,PWFE5,0000230500000000.11,2003482368,0000233500000000.25,-1713520064
0,PWFE5,0000230500000000.07,2003482368,0000233000000000.13,-1713520064
0,PWFE5,0000229000000000.08,1988482368,0000231500000000.12,-1728520064
0,PWFE5,0000229000000000.08,1988482368,0000231500000000.11,-1728520064
0,PWFE5,0000228500000000.10,1983482368,0000231000000000.08,-1738520064
0,PWFE5,0000228500000000.06,1983482368,0000231000000000.08,-1738520064
0,PWFE5,0000228500000000.03,1983482368,0000231000000000.10,-1733520064
0,PWFE5,0000228500000000.06,1983482368,0000231000000000.10,-1738520064
0,PWFE5,0000228500000000.10,1983482368,0000231000000000.07,-1733520064
0,PWFE5,0000229000000000.01,1988482368,0000231500000000.06,-1733520064
0,PWFE5,0000229000000000.07,1988482368,0000231500000000.06,-1733520064
0,PWFE5,0000229000000000.08,1988482368,0000231500000000.41,-1728520064
0,PWFE5,0000230500000000.02,2003482368,0000233000000000.20,-1718520064
0,PWFE5,0000230000000000.05,1998482368,0000232500000000.78,-1723520064
0,PWFE5,0000230000000000.05,1998482368,0000232500000000.13,-1723520064
0,PWFE5,0000229500000000.08,1993482368,0000232000000000.34,-1723520064
0,PWFE5,0000229000000000.13,1988482368,0000231500000000.19,-1728520064
0,PWFE5,0000229500000000.14,1993482368,0000232500000000.09,-1723520064
0,PWFE5,0000229000000000.29,1988482368,0000232000000000.08,-1728520064
0,PWFE5,0000230000000000.06,1998482368,0000232500000000.05,-1718520064
0,SUFL5,0000130000025000.00,1976782581,4546493520202020.20,-271981020
0,SUFL5,0000130000025000.00,1976738681,5646453520202020.20,-271981020
0,SUFL5,0000130000025000.00,1976737681,5946493520202020.20,-271981020
0,SUFL5,0000000897000000.10,-296517632,0000000000000000.00,285427232
0,SUFL5,0000000896000000.10,-296517632,0000000000000000.00,285417232
0,SUFL5,0000130000025000.00,1976725381,4546493520202020.20,-271981020
0,SUFL5,0000000894000000.10,-296517632,0000000000000000.00,285417232
0,UQFC6,0000000000000000.00,-727365955,51464123520202020.20,-271981020
0,UQFC6,0000000000000000.00,-727359855,51464123520202020.20,-271981020
0,UQFC6,0000000000000000.00,-727358355,51464123520202020.20,-271981020
0,UQFC6,0000010000000100.00,-1454738623,4146493520202020.20,-271981020
0,UQFC6,0000010000000100.00,-1454728123,51464123520202020.20,-271981020
0,CAFI5,0000003080000000.01,-296517632,0000000000000000.00,307547232
0,CAFI5,0000003070000000.01,-296517632,0000000000000000.00,307597232
0,CAFI5,0000000000000000.00,-296517632,0000000000000000.00,307547232
0,CAFI5,0000003070000000.01,-296517632,0000000000000000.00,307647232
0,CAFI5,0000000000000000.00,-296517632,0000000000000000.00,307797232
0,SSFF5,0000003367000000.01,-296517632,0000000000000000.00,310107232
0,SSFF5,0000003416000000.28,-296517632,0000000000000000.00,310407232
0,SSFF5,0000003436000000.10,-296517632,0000000000000000.00,310797232
0,SSFF5,0000000000000000.00,-296517632,0000000000000000.00,310797232
0,SSFF5,0000003437000000.09,-296517632,0000000000000000.00,310787232
0,SSFF5,0000003436000000.07,-296517632,0000000000000000.00,310797232
0,SSFF5,0000003439000000.08,-296517632,0000000000000000.00,310827232
0,SSFF5,0000003433000000.02,-262197632,0000000000000000.00,310767232
0,SSFF5,0000003431000000.28,-262227632,0000000000000000.00,310747232
0,SSFF5,0000003431000000.02,-262227632,0000000000000000.00,310747232
0,SSFF5,0000003434000000.02,-262187632,0000003456000000.02,310747232
0,SSFF5,0000003432000000.01,-262247632,0000003447000000.09,310707232
0,SSFF5,0000003431000000.01,-262217632,0000003445000000.11,310707232
0,SSFF5,0000003427000000.11,-262307632,0000003443000000.10,310667232
0,SSFF5,0000003429000000.02,-262297632,0000003442000000.09,310697232
0,SSFF5,0000003422000000.03,-262327632,0000003448000000.02,310637232
0,SSFF5,0000003428000000.06,-262247632,0000003442000000.09,310657232
0,SSFF5,0000003426000000.01,-262277632,0000000000000000.00,310647232
0,SSFF5,0000003428000000.28,-262247632,0000003451000000.02,310687232
0,SSFF5,0000003432000000.28,-262207632,0000003450000000.02,310727232
0,SSFF5,0000003430000000.13,-262227632,0000003444000000.09,310687232
0,SSFF5,0000003430000000.04,-262267632,0000003442000000.09,310647232
0,SSFF5,0000003430000000.01,-262267632,0000000000000000.00,310617232
0,SSFF5,0000003422000000.03,-262317632,0000003435000000.02,310597232
0,SSFF5,0000003418000000.01,-262347632,0000003433000000.09,310557232
0,UAFI5,0000000000000000.00,-727356455,4746433620202020.20,-271981020
0,UAFI5,0000000000000000.00,-727368555,5646453520202020.20,-271981020
0,UAFI5,0000010000000100.00,-1454732623,4346433620202020.20,-271981020
0,UAFI5,0000000000000000.00,-296517632,0000000000000000.00,456447232
0,PCFE5,0000009020000000.05,-296517632,0000000000000000.00,366547232
0,PCFE5,0000000000000000.00,-296517632,0000009470000000.02,366547232
0,PCFE5,0000009220000000.02,-204617632,0000009310000000.01,367547232
0,PCFE5,0000009260000000.02,-204117632,0000000000000000.00,368847232
0,PCFE5,0000009310000000.02,-203817632,0000000000000000.00,369347232
0,PCFE5,0000009250000000.01,-204117632,0000009420000000.01,368847232
0,PCFE5,0000009270000000.02,-204417632,0000009420000000.01,368947232
0,PCFE5,0000009230000000.01,-204417632,0000009420000000.01,368947232
0,PCFE5,0000009240000000.01,-204317632,0000009330000000.01,368447232
0,PCFE5,0000009200000000.01,-204717632,0000009320000000.01,367447232
0,PCFE5,0000009210000000.01,-204517632,0000000000000000.00,368347232
0,PCFE5,0000009220000000.01,-204517632,0000000000000000.00,368047232
0,PCFE5,0000009250000000.02,-204117632,0000000000000000.00,368847232
0,PCFE5,0000009250000000.02,-204117632,0000000000000000.00,368847232
0,LCFF5,0000011400000000.02,-183017632,0000011700000000.17,390447232
0,LCFF5,0000011450000000.04,-182517632,0000011700000000.17,390447232
0,JWFI5,0000009350000000.01,-205517632,0000000000000000.00,369847232
0,JWFI5,0000009290000000.01,-205517632,0000000000000000.00,368947232
0,JWFI5,0000009460000000.02,-205517632,0000000000000000.00,370947232
0,JWFI5,0000050000002000.00,-1454725923,4946433620202020.20,-271981020
0,NEFE5,0000007440000000.03,-222217632,0000007510000000.01,350847232
0,NEFE5,0000007420000000.05,-222417632,0000007500000000.01,350547232
0,NEFE5,0000007450000000.02,-222117632,0000007530000000.06,350847232
0,NEFE5,0000007450000000.01,-222117632,0000007520000000.01,350847232
0,NEFE5,0000007420000000.03,-222417632,0000007490000000.01,350547232
0,NEFE5,0000007420000000.03,-222417632,0000007490000000.05,350547232
0,NEFE5,0000007420000000.02,-222417632,0000007500000000.03,350547232
0,NEFE5,0000007520000000.02,-221417632,0000007600000000.07,351447232
0,NEFE5,0000007510000000.02,-221517632,0000007600000000.04,351447232
0,NEFE5,0000007490000000.01,-221717632,0000007570000000.05,351247232
0,NEFE5,0000007490000000.03,-221717632,0000007560000000.08,351247232
0,NEFE5,0000007430000000.03,-222317632,0000007530000000.02,350747232
0,NEFE5,0000007440000000.01,-222217632,0000007520000000.05,350747232
0,NEFE5,0000007440000000.01,-222217632,0000007530000000.02,350747232
0,NEFE5,0000007420000000.01,-222417632,0000007510000000.04,350747232
0,NEFE5,0000007420000000.02,-222417632,0000007500000000.03,350747232
0,NEFE5,0000007380000000.08,-222817632,0000007450000000.16,350347232
0,NEFE5,0000007380000000.05,-222817632,0000007450000000.04,350147232
0,NEFE5,0000007380000000.05,-222817632,0000007450000000.08,350147232
0,NEFE5,0000007380000000.05,-222817632,0000007450000000.07,350147232
0,NEFE5,0000007390000000.02,-222717632,0000007460000000.05,350147232
0,NEFE5,0000007370000000.02,-222917632,0000007450000000.06,350147232
0,NEFE5,0000007380000000.01,-222817632,0000007440000000.01,350147232
0,NEFE5,0000007370000000.01,-222917632,0000007440000000.01,350047232
0,NEFE5,0000007360000000.10,-223017632,0000007450000000.06,350047232
0,NEFE5,0000007370000000.01,-222917632,0000007440000000.04,350047232
0,NEFE5,0000007400000000.01,-222617632,0000007460000000.04,350247232
0,NEFE5,0000007400000000.01,-222617632,0000007460000000.04,350247232
0,NEFE5,0000007390000000.02,-222717632,0000007460000000.04,350147232
0,NEFE5,0000007390000000.02,-222717632,0000007460000000.05,350247232
0,NEFE5,0000007400000000.01,-222617632,0000007460000000.05,350247232
0,NEFE5,0000007420000000.01,-222417632,0000007480000000.04,350547232
0,NEFE5,0000007430000000.03,-222317632,0000007510000000.07,350647232
0,NEFE5,0000007490000000.01,-221717632,0000007560000000.06,351147232
0,NEFE5,0000007480000000.04,-221817632,0000007560000000.06,351147232
0,NEFE5,0000007490000000.03,-221817632,0000007550000000.06,351047232
0,NEFE5,0000007470000000.02,-221917632,0000007540000000.13,351047232
0,NEFE5,0000007480000000.02,-221817632,0000007560000000.03,351147232
0,NEFE5,0000007480000000.02,-221817632,0000007570000000.02,351147232
0,NEFE5,0000007460000000.01,-222017632,0000007540000000.08,350847232
0,NEFE5,0000007490000000.01,-221717632,0000007570000000.02,351347232
0,NEFE5,0000007490000000.01,-221717632,0000007560000000.06,351347232
0,NEFE5,0000007500000000.02,-221617632,0000007590000000.09,351447232
0,NEFE5,0000007500000000.02,-221617632,0000007590000000.09,351447232
0,NEFE5,0000007500000000.02,-221617632,0000007580000000.11,351447232
0,NEFE5,0000007500000000.02,-221617632,0000007590000000.10,351447232
0,NEFE5,0000007470000000.03,-221917632,0000007550000000.06,351147232
0,NEFE5,0000007480000000.01,-221817632,0000007550000000.03,351247232
0,NEFE5,0000007510000000.01,-221517632,0000007590000000.02,351547232
0,NEFE5,0000007510000000.01,-221517632,0000007590000000.02,351547232
0,NEFE5,0000007530000000.01,-221317632,0000007590000000.06,351847232
0,NEFE5,0000007510000000.04,-221517632,0000007580000000.11,351447232
0,NEFE5,0000007510000000.01,-221517632,0000007570000000.10,351547232
0,NEFE5,0000007520000000.02,-221417632,0000007590000000.03,351447232
0,NEFE5,0000007530000000.01,-221317632,0000007600000000.03,351847232
0,TXFI5,0002112600000000.01,-646354112,0002158000000000.01,-72389248
0,TXFI5,0002108000000000.01,-692354112,0002121800000000.01,-123389248
0,TXFI5,0002107700000000.01,-695354112,0002158000000000.01,-124389248
0,TXFI5,0002107000000000.01,-702354112,0002121800000000.01,-128389248
0,TXFI5,0002107000000000.01,-703354112,0002121800000000.01,-132389248
0,TXFI5,0002107500000000.01,-697354112,0002158000000000.01,-126389248
0,TXFI5,0002107500000000.01,-697354112,0002158000000000.01,-125389248
0,TXFI5,0002108100000000.01,-691354112,0002121800000000.01,-116389248
0,TXFI5,0002108200000000.01,-690354112,0002121800000000.01,-117389248
0,TXFI5,0002109200000000.01,-680354112,0002121800000000.01,-105389248
0,TXFI5,0002109100000000.01,-681354112,0002121800000000.01,-110389248
0,TXFI5,0002109200000000.01,-686354112,0002121800000000.01,-109389248
0,TXFI5,0002108900000000.01,-683354112,0002158000000000.01,-108389248
0,TXFI5,0002108000000000.01,-692354112,0002121800000000.01,-120389248
0,TXFI5,0002108200000000.01,-690354112,0002121800000000.01,-120389248
0,TXFI5,0002107800000000.01,-694354112,0002121800000000.01,-122389248
0,TXFI5,0002108000000000.01,-692354112,0002125000000000.01,-121389248
0,TXFI5,0002108000000000.01,-692354112,0002125000000000.01,-119389248
0,TXFI5,0002107700000000.01,-695354112,0002121800000000.01,-121389248
0,TXFI5,0002108000000000.01,-696354112,0002125000000000.01,-122389248
0,TXFI5,0002108100000000.01,-691354112,0002121800000000.01,-119389248
0,TXFI5,0002107900000000.01,-693354112,0002125000000000.01,-122389248
0,TXFI5,0002107900000000.01,-693354112,0002121800000000.01,-122389248
0,TXFI5,0002108000000000.01,-692354112,0002121800000000.01,-120389248
0,TXFI5,0002108200000000.01,-690354112,0002125000000000.01,-120389248
0,TXFI5,0002107500000000.01,-794354112,0002125000000000.01,-121389248
0,TXFI5,0002107900000000.01,-693354112,0002125000000000.01,-121389248
0,TXFI5,0002108400000000.01,-688354112,0002125000000000.01,-116389248
0,TXFI5,0002108000000000.01,-692354112,0002125000000000.01,-117389248
0,TXFI5,0002108000000000.01,-794354112,0002158000000000.01,-107389248
0,TXFI5,0002108000000000.01,-794354112,0002158000000000.01,-107389248
0,TXFI5,0002104800000000.01,-794354112,0002158000000000.01,-119389248
0,TXFI5,0002104800000000.01,-794354112,0002158000000000.01,-120389248
0,TXFI5,0002107800000000.01,-694354112,0002121800000000.01,-122389248
0,TXFI5,0002107400000000.01,-698354112,0002121800000000.01,-126389248
0,TXFI5,0002107000000000.01,-702354112,0002121800000000.01,-130389248
0,TXFI5,0002106600000000.01,-706354112,0002158000000000.01,-135389248
0,TXFI5,0002107000000000.01,-702354112,0002121800000000.01,-130389248
0,TXFI5,0002107000000000.01,-702354112,0002121800000000.01,-132389248
0,TXFI5,0002107200000000.01,-700354112,0002125000000000.01,-130389248
0,TXFI5,0002106000000000.01,-712354112,0002121800000000.01,-140389248
0,TXFI5,0002106200000000.01,-710354112,0002121800000000.01,-139389248
0,TXFI5,0002106400000000.01,-708354112,0002121800000000.01,-137389248
0,TXFI5,0002106400000000.01,-708354112,0002125000000000.01,-139389248
0,TXFI5,0002106300000000.01,-709354112,0002125000000000.01,-141389248
0,TXFI5,0002104600000000.01,-726354112,0002121800000000.01,-160389248
0,TXFI5,0002104600000000.01,-726354112,0002121800000000.01,-157389248
0,TXFI5,0002104500000000.01,-727354112,0002125000000000.01,-156389248
0,TXFI5,0002104900000000.01,-723354112,0002125000000000.01,-155389248
0,TXFI5,0002104200000000.01,-730354112,0002125000000000.01,-154389248
0,TXFI5,0002104900000000.01,-726354112,0002121800000000.01,-156389248
0,TXFI5,0002104800000000.01,-724354112,0002121800000000.01,-158389248
0,TXFI5,0002104800000000.01,-724354112,0002125000000000.01,-157389248
0,TXFI5,0002104600000000.01,-730354112,0002121800000000.01,-159389248
0,TXFI5,0002104400000000.01,-731354112,0002121800000000.01,-162389248
0,TXFI5,0002104500000000.01,-727354112,0002125000000000.01,-161389248
0,TXFI5,0002103600000000.01,-736354112,0002121800000000.01,-168389248
0,TXFI5,0002103800000000.01,-734354112,0002125000000000.01,-168389248
0,TXFI5,0002104600000000.01,-726354112,0002121800000000.01,-157389248
0,TXFI5,0002104600000000.01,-726354112,0002125000000000.01,-158389248
0,TXFI5,0002104600000000.01,-726354112,0002125000000000.01,-161389248
0,TXFI5,0002103700000000.01,-735354112,0002121800000000.01,-167389248
0,TXFI5,0002103700000000.01,-735354112,0002121800000000.01,-167389248
0,TXFI5,0002104200000000.01,-730354112,0002125000000000.01,-163389248
0,TXFI5,0002104200000000.01,-730354112,0002125000000000.01,-161389248
0,TXFI5,0002104000000000.01,-732354112,0002121800000000.01,-166389248
0,TXFI5,0002105800000000.01,-714354112,0002121800000000.01,-148389248
0,TXFI5,0002105900000000.01,-713354112,0002125000000000.01,-146389248
0,TXFI5,0002105900000000.01,-713354112,0002125000000000.01,-147389248
0,TXFI5,0002105600000000.01,-719354112,0002121800000000.01,-148389248
0,TXFI5,0002105600000000.01,-716354112,0002125000000000.01,-151389248
0,TXFI5,0002105300000000.01,-719354112,0002121800000000.01,-149389248
0,TXFI5,0002105400000000.01,-718354112,0002125000000000.01,-150389248
0,TXFI5,0002104300000000.01,-848354112,0002121800000000.01,-159389248
0,TXFI5,0002104700000000.01,-725354112,0002125000000000.01,-163389248
0,TXFI5,0002104200000000.01,-848354112,0002125000000000.01,-159389248
0,TXFI5,0002105100000000.01,-721354112,0002125000000000.01,-156389248
0,TXFI5,0002104200000000.01,-730354112,0002125000000000.01,-162389248
0,TXFI5,0002103900000000.01,-736354112,0002121800000000.01,-169389248
0,TXFI5,0002103500000000.01,-737354112,0002125000000000.01,-178389248
0,TXFI5,0002103600000000.01,-736354112,0002125000000000.01,-178389248
0,TXFI5,0002104700000000.01,-725354112,0002125000000000.01,-167389248
0,TXFI5,0002105100000000.01,-721354112,0002125000000000.01,-166389248
0,TXFI5,0002104700000000.01,-725354112,0002125000000000.01,-166389248
0,TXFI5,0002106600000000.01,-708354112,0002121800000000.01,-150389248
0,TXFI5,0002105800000000.01,-714354112,0002121800000000.01,-155389248
0,TXFI5,0002106000000000.01,-716354112,0002121800000000.01,-156389248
0,TXFI5,0002106100000000.01,-719354112,0002125000000000.01,-154389248
0,TXFI5,0002106000000000.01,-712354112,0002128000000000.01,-156389248
0,TXFI5,0002106300000000.01,-714354112,0002121800000000.01,-155389248
0,TXFI5,0002106000000000.01,-712354112,0002121800000000.01,-155389248
0,TXFI5,0002105800000000.01,-716354112,0002121800000000.01,-159389248
0,TXFI5,0002106000000000.01,-712354112,0002125000000000.01,-159389248
0,TXFI5,0002106000000000.01,-712354112,0002125000000000.01,-161389248
0,TXFI5,0002105900000000.01,-717354112,0002125000000000.01,-161389248
0,TXFI5,0002105900000000.01,-717354112,0002125000000000.01,-160389248
0,TXFI5,0002105300000000.01,-719354112,0002121800000000.01,-165389248
0,TXFI5,0002105300000000.01,-724354112,0002121800000000.01,-167389248
0,TXFI5,0002105300000000.01,-724354112,0002121800000000.01,-168389248
0,TXFI5,0002105100000000.01,-721354112,0002121800000000.01,-169389248
0,TXFI5,0002104700000000.01,-725354112,0002121800000000.01,-173389248
0,TXFI5,0002104200000000.01,-730354112,0002121800000000.01,-176389248
0,TXFI5,0002103400000000.02,-741354112,0002121800000000.01,-180389248
0,TXFI5,0002102900000000.01,-848354112,0002121800000000.01,-184389248
0,TXFI5,0002103200000000.01,-740354112,0002121800000000.01,-184389248
0,TXFI5,0002103300000000.01,-739354112,0002121800000000.01,-184389248
0,TXFI5,0002103200000000.01,-746354112,0002121800000000.01,-186389248
0,TXFI5,0002103200000000.01,-746354112,0002121800000000.01,-185389248
0,TXFI5,0002103200000000.01,-746354112,0002121800000000.01,-185389248
0,TXFI5,0002103300000000.01,-739354112,0002121800000000.01,-186389248
0,TXFI5,0002103300000000.01,-739354112,0002125000000000.01,-183389248
0,TXFI5,0002103000000000.01,-744354112,0002121800000000.01,-190389248
0,TXFI5,0002102300000000.01,-749354112,0002121800000000.01,-195389248
0,TXFI5,0002101900000000.02,-753354112,0002125000000000.01,-194389248
0,TXFI5,0002103100000000.01,-741354112,0002128000000000.01,-187389248
0,TXFI5,0002103000000000.01,-748354112,0002121800000000.01,-188389248
0,TXFI5,0002103000000000.01,-748354112,0002121800000000.01,-187389248
0,TXFI5,0002103700000000.01,-735354112,0002121800000000.01,-179389248
0,TXFI5,0002103800000000.01,-742354112,0002121800000000.01,-181389248
0,TXFI5,0002103100000000.01,-741354112,0002121800000000.01,-181389248
0,TXFI5,0002104000000000.01,-738354112,0002121800000000.01,-176389248
0,TXFI5,0002104200000000.01,-739354112,0002121800000000.01,-174389248
0,TXFI5,0002104400000000.01,-739354112,0002121800000000.01,-172389248
0,TXFI5,0002104300000000.01,-737354112,0002121800000000.01,-173389248
0,TXFI5,0002103200000000.01,-745354112,0002121800000000.01,-184389248
0,TXFI5,0002103200000000.01,-745354112,0002121800000000.01,-183389248
0,TXFI5,0002103200000000.01,-745354112,0002121800000000.01,-182389248
0,TXFI5,0002103400000000.01,-745354112,0002121800000000.01,-181389248
0,TXFI5,0002103400000000.02,-741354112,0002121800000000.01,-179389248
0,TXFI5,0002103400000000.02,-744354112,0002121800000000.01,-180389248
0,TXFI5,0002103400000000.02,-744354112,0002121800000000.01,-180389248
0,TXFI5,0002103000000000.01,-742354112,0002121800000000.01,-183389248
0,TXFI5,0002103300000000.01,-739354112,0002121800000000.01,-181389248
0,TXFI5,0002103900000000.01,-733354112,0002121800000000.01,-176389248
0,TXFI5,0002103800000000.01,-734354112,0002121800000000.01,-176389248
0,TXFI5,0002103700000000.01,-739354112,0002125000000000.01,-177389248
0,TXFI5,0002103800000000.01,-734354112,0002125000000000.01,-176389248
0,TXFI5,0002104200000000.01,-730354112,0002125000000000.01,-172389248
0,TXFI5,0002104200000000.01,-730354112,0002125000000000.01,-173389248
0,TXFI5,0002103600000000.01,-736354112,0002121800000000.01,-178389248
0,TXFI5,0002103700000000.01,-735354112,0002121800000000.01,-178389248
0,TXFI5,0002102700000000.01,-745354112,0002121800000000.01,-186389248
0,TXFI5,0002102900000000.01,-751354112,0002121800000000.01,-187389248
0,TXFI5,0002102500000000.01,-747354112,0002121800000000.01,-190389248
0,TXFI5,0002102700000000.01,-745354112,0002121800000000.01,-191389248
0,TXFI5,0002102600000000.01,-747354112,0002121800000000.01,-193389248
0,TXFI5,0002102200000000.01,-751354112,0002121800000000.01,-197389248
0,TXFI5,0002102500000000.01,-747354112,0002125000000000.01,-194389248
0,TXFI5,0002102000000000.01,-752354112,0002125000000000.01,-199389248
0,TXFI5,0002102000000000.01,-752354112,0002121800000000.01,-201389248
0,TXFI5,0002102600000000.01,-746354112,0002125000000000.01,-194389248
0,TXFI5,0002103400000000.01,-738354112,0002121800000000.01,-186389248
0,TXFI5,0002103600000000.01,-736354112,0002121800000000.01,-185389248
0,TXFI5,0002104800000000.01,-724354112,0002121800000000.01,-173389248
0,TXFI5,0002104400000000.01,-732354112,0002121800000000.01,-177389248
0,TXFI5,0002105100000000.01,-726354112,0002121800000000.01,-165389248
0,TXFI5,0002104800000000.01,-724354112,0002121800000000.01,-170389248
0,TXFI5,0002104000000000.01,-736354112,0002121800000000.01,-179389248
0,TXFI5,0002103500000000.01,-844354112,0002121800000000.01,-178389248
0,TXFI5,0002104100000000.01,-736354112,0002128000000000.01,-176389248
0,TXFI5,0002103400000000.01,-742354112,0002121800000000.01,-186389248
0,TXFI5,0002102600000000.01,-844354112,0002121800000000.01,-193389248
0,TXFI5,0002102200000000.01,-844354112,0002121800000000.01,-191389248
0,TXFI5,0002103400000000.01,-743354112,0002121800000000.01,-182389248
0,TXFI5,0002103400000000.01,-743354112,0002121800000000.01,-182389248
0,TXFI5,0002105400000000.01,-724354112,0002121800000000.01,-159389248
0,TXFI5,0002105400000000.01,-724354112,0002125000000000.01,-143389248
0,TXFI5,0002105400000000.01,-724354112,0002125000000000.01,-141389248
0,TXFI5,0002106100000000.01,-716354112,0002121800000000.01,-137389248
0,TXFI5,0002106100000000.01,-716354112,0002121800000000.01,-134389248
0,TXFI5,0002106700000000.01,-710354112,0002121800000000.01,-133389248
0,TXFI5,0002106200000000.01,-713354112,0002121800000000.01,-141389248
0,TXFI5,0002106400000000.01,-713354112,0002121800000000.01,-138389248
0,TXFI5,0002106600000000.01,-713354112,0002121800000000.01,-139389248
0,TXFI5,0002105900000000.01,-716354112,0002125000000000.01,-143389248
0,TXFI5,0002104400000000.01,-731354112,0002125000000000.01,-153389248
0,TXFI5,0002104400000000.01,-731354112,0002125000000000.01,-150389248
0,TXFI5,0002105600000000.01,-721354112,0002125000000000.01,-142389248
0,TXFI5,0002104800000000.01,-727354112,0002121800000000.01,-148389248
0,TXFI5,0002103500000000.01,-844354112,0002121800000000.01,-162389248
0,TXFI5,0002103600000000.01,-739354112,0002121800000000.01,-163389248
0,TXFI5,0002103000000000.01,-745354112,0002125000000000.01,-168389248
0,TXFI5,0002103000000000.01,-745354112,0002121800000000.01,-169389248
0,TXFI5,0002104300000000.01,-735354112,0002121800000000.01,-158389248
0,TXFI5,0002103600000000.01,-844354112,0002121800000000.01,-162389248
0,TXFI5,0002103100000000.01,-744354112,0002121800000000.01,-170389248
0,TXFI5,0002102400000000.01,-844354112,0002121800000000.01,-175389248
0,TXFI5,0002102700000000.01,-750354112,0002125000000000.01,-172389248
0,TXFI5,0002102700000000.01,-750354112,0002125000000000.01,-170389248
0,TXFI5,0002102700000000.01,-750354112,0002125000000000.01,-169389248
0,TXFI5,0002103400000000.01,-743354112,0002121800000000.01,-164389248
0,TXFI5,0002104600000000.01,-731354112,0002125000000000.01,-149389248
0,TXFI5,0002104100000000.01,-731354112,0002121800000000.01,-156389248
0,TXFI5,0002104100000000.01,-731354112,0002121800000000.01,-157389248
0,TXFI5,0002103800000000.01,-844354112,0002121800000000.01,-163389248
0,TXFI5,0002103100000000.01,-745354112,0002121800000000.01,-172389248
0,TXFI5,0002101700000000.01,-844354112,0002121800000000.01,-183389248
0,TXFI5,0002100500000000.01,-849354112,0002121800000000.01,-196389248
0,TXFI5,0002099800000000.01,-849354112,0002125000000000.01,-204389248
0,TXFI5,0002098900000000.01,-849354112,0002121800000000.01,-214389248
0,TXFI5,0002098700000000.01,-788354112,0002121800000000.01,-217389248
0,TXFI5,0002098900000000.01,-788354112,0002121800000000.01,-218389248
0,TXFI5,0002097700000000.01,-795354112,0002121800000000.01,-227389248
0,TXFI5,0002097800000000.01,-794354112,0002121800000000.01,-230389248
0,TXFI5,0002097800000000.01,-794354112,0002121800000000.01,-229389248
0,TXFI5,0002098000000000.01,-792354112,0002121800000000.01,-225389248
0,TXFI5,0002097800000000.01,-799354112,0002125000000000.01,-223389248
0,TXFI5,0002098200000000.01,-791354112,0002125000000000.01,-225389248
0,TXFI5,0002098200000000.01,-791354112,0002125000000000.01,-225389248
0,TXFI5,0002098100000000.01,-791354112,0002121800000000.01,-225389248
0,TXFI5,0002097700000000.01,-795354112,0002121800000000.01,-227389248
0,TXFI5,0002098100000000.01,-796354112,0002121800000000.01,-227389248
0,TXFI5,0002098000000000.01,-792354112,0002125000000000.01,-226389248
0,TXFI5,0002098600000000.01,-786354112,0002125000000000.01,-218389248
0,TXFI5,0002097000000000.01,-802354112,0002121800000000.01,-234389248
0,TXFI5,0002097700000000.01,-795354112,0002125000000000.01,-232389248
0,TXFI5,0002097200000000.01,-806354112,0002125000000000.01,-237389248
0,TXFI5,0002096900000000.01,-803354112,0002125000000000.01,-235389248
0,TXFI5,0002097700000000.01,-795354112,0002121800000000.01,-227389248
0,TXFI5,0002098600000000.01,-792354112,0002121800000000.01,-220389248
0,TXFI5,0002098400000000.01,-788354112,0002121800000000.01,-222389248
0,TXFI5,0002098700000000.01,-785354112,0002121800000000.01,-216389248
0,TXFI5,0002099400000000.01,-783354112,0002125000000000.01,-211389248
0,TXFI5,0002100200000000.01,-776354112,0002121800000000.01,-202389248
0,TXFI5,0002100600000000.01,-776354112,0002121800000000.01,-201389248
0,TXFI5,0002100700000000.01,-765354112,0002121800000000.01,-198389248
0,TXFI5,0002101800000000.01,-761354112,0002125000000000.01,-187389248
0,TXFI5,0002102600000000.01,-746354112,0002121800000000.01,-176389248
0,TXFI5,0002102300000000.01,-751354112,0002121800000000.01,-178389248
0,TXFI5,0002102500000000.01,-749354112,0002125000000000.01,-178389248
0,TXFI5,0002102600000000.01,-746354112,0002121800000000.01,-176389248
0,TXFI5,0002103100000000.01,-747354112,0002121800000000.01,-170389248
0,TXFI5,0002102300000000.01,-752354112,0002121800000000.01,-179389248
0,TXFI5,0002102000000000.01,-756354112,0002121800000000.01,-181389248
0,TXFI5,0002101600000000.01,-756354112,0002125000000000.01,-186389248
0,TXFI5,0002101300000000.01,-759354112,0002121800000000.01,-187389248
0,TXFI5,0002100300000000.01,-770354112,0002121800000000.01,-197389248
0,TXFI5,0002098900000000.01,-783354112,0002121800000000.01,-200389248
0,TXFI5,0002098800000000.01,-784354112,0002121800000000.01,-203389248
0,TXFI5,0002098900000000.01,-789354112,0002125000000000.01,-202389248
0,TXFI5,0002099400000000.01,-778354112,0002125000000000.01,-197389248
0,TXFI5,0002099900000000.01,-773354112,0002121800000000.01,-193389248
0,TXFI5,0002100700000000.01,-765354112,0002121800000000.01,-189389248
0,TXFI5,0002099700000000.01,-777354112,0002121800000000.01,-199389248
0,TXFI5,0002101200000000.01,-760354112,0002125000000000.01,-183389248
0,TXFI5,0002100600000000.01,-848354112,0002125000000000.01,-185389248
