time,productId,bidPrice1,bidVolume1,askPrice1,askVolume1
0,TGO11950F5,0000000000000000.00,8113,47415313230303046.35,-271981020
0,TGO11800T5,0000598000000000.10,1358515072,0000000000000000.00,1237026931
0,OAO00330F5,0000040000002300.00,1385693537,41415303033343051.35,-271981020
0,TGO11600H5,0000040000003200.00,2113143505,47415313136353052.35,-271981020
0,TGO11700R5,0000356000000000.10,-1061484928,0000000000000000.00,2103021823
0,TGO11000T5,0000040000003100.00,2113136805,41415303032383045.35,-271981020
0,OKO00100F5,0000070000002600.00,-796418167,411415303031303546.35,-271981020
0,OJO00225R5,0000000760000000.05,-289017632,0000000000000000.00,2102219006
0,OAO00310F5,0000020000001100.00,-1454637723,41415303033313052.35,-271981020
0,OAO00310F5,0000020000001100.00,-1454647823,41415303033313052.35,-271981020
0,OAO00310F5,0000040000002300.00,1385692937,41415303033333052.35,-271981020
0,OAO00310F5,0000030000001700.00,2113010605,41415303033313052.35,-271981020
0,OJO00215F5,0000000720000000.12,-289417632,0000000000000000.00,-910868226
0,OJO00215F5,0000020000001100.00,-1454646723,410415303032323051.35,-271981020
0,OJO00215F5,0000030000001700.00,2113006705,410415303032323552.35,-271981020
0,OOO00130Q5,0000000840000000.06,-288217632,0000000000000000.00,1479209214
0,TEO14000E5,0000000000000000.00,0,0001144402009954.45,678674299
0,HCO00430Q5,0000000000000000.00,0,05761897020121415.41,361759831
0,OKO00120Q5,0000001090000000.12,-285717632,0000000000000000.00,405266686
0,DPO00300F5,0000000000000000.00,0,0000946302009944.50,360760231
0,OAO00340F5,0000000050000000.06,-296117632,0000000000000000.00,-1083748098
0,OAO00300R5,0000000220000000.06,-294417632,0000000000000000.00,-2123435778
0,OAO00300R5,0000000220000000.06,-294417632,0000000000000000.00,-1880440578
0,OAO00300R5,0000000220000000.06,-294417632,0000000000000000.00,2067964159
0,OKO00098F5,0000001090000000.06,-285717632,0000000000000000.00,-460728306
0,OKO00098F5,0000030000001700.00,2113009505,411415303031303545.35,-271981020
0,OKO00098F5,0000030000001700.00,2113009805,411415303031303545.35,-271981020
0,TGO12050F5,0000040000001300.00,1385579237,47415313137303054.35,-271981020
0,TGO12050F5,0000040000001300.00,1385588637,47415313134353052.35,-271981020
0,TGO12050F5,0000050000002300.00,658307169,47415313135353052.35,-271981020
0,OOO00100E5,0000002100000000.06,-275717632,0000000000000000.00,-1534680834
0,OOO00120F5,0000000350000000.06,-293117632,0000000000000000.00,-772243202
0,OOO00140R5,0000001800000000.12,-278717632,0000000000000000.00,1237026730
0,OAO00340Q5,0000002810000000.12,-268517632,0000000000000000.00,-1014435586
0,OAO00340Q5,0000002790000000.06,-268817632,0000000000000000.00,-287858434
0,OAO00340Q5,0000002790000000.06,-268817632,0000000000000000.00,-1291685634
0,OAO00340Q5,0000002790000000.06,-268917632,0000000000000000.00,-460738305
0,OAO00320F5,0000000330000000.06,-293317632,0000000000000000.00,-807300866
0,OAO00320F5,0000000330000000.06,-293417632,0000000000000000.00,647459070
0,OAO00320F5,0000000330000000.12,-293417632,0000000000000000.00,1756459262
0,OAO00320F5,0000000330000000.12,-293417632,0000000000000000.00,335954174
0,OAO00320F5,0000000330000000.12,-293417632,0000000000000000.00,-1811128066
0,OAO00320F5,0000000330000000.06,-293317632,0000000000000000.00,751829246
0,OAO00320F5,0000040000002300.00,1385688437,47415313136303046.35,-271981020
0,OAO00320F5,0000030000001700.00,2113001905,41415303032383045.35,-271981020
0,OJO00220E5,0000000060000000.06,-296017632,0000000000000000.00,1929339134
0,OJO00220E5,0000000060000000.06,-296017632,0000000000000000.00,-1360998146
0,OJO00220E5,0000000060000000.11,-296017632,0000000000000000.00,-494993154
0,OJO00220E5,0000040000002300.00,1385687937,410415303032343046.35,-271981020
0,TGO11600F5,0000412500000000.10,-486484928,0000000000000000.00,405266686
0,OJO00205E5,0000001430000000.06,-282317632,0000000000000000.00,578949374
0,OJO00205E5,0000030000001700.00,2113000905,410415303032313045.35,-271981020
0,OAO00310Q5,0000000060000000.06,-296017632,0000000000000000.00,-1430310658
0,OAO00310Q5,0000000050000000.11,-296117632,0000000000000000.00,266641662
0,OAO00310Q5,0000030000001700.00,2113009805,41415303033323051.35,-271981020
0,OAO00310Q5,0000040000002300.00,1385693737,41415303033323052.35,-271981020
0,TGO11900T5,0000675500000000.10,2118515072,0000000000000000.00,648271786
0,OAO00360Q5,0000000000000000.00,-296517632,0000000000000000.00,-1568925783
0,OAO00360Q5,0000000000000000.00,8613,410415303032323046.35,-271981020
0,OAO00360Q5,0000020000001100.00,-1454636323,42415303032383046.35,-271981020
0,OJO00225F5,0000000260000000.06,-294017632,0000000000000000.00,-1118805763
0,OAO00310R5,0000040000002300.00,1385689837,41415303033333051.35,-271981020
0,OAO00310R5,0000000560000000.06,-291117632,0000000000000000.00,-460738306
0,OAO00310R5,0000020000001100.00,-1454649723,41415303033323052.35,-271981020
0,OBO00260F5,0000003970000000.06,-257117632,0000000000000000.00,-1015238403
0,OBO00260F5,0000003950000000.06,-257517632,0000000000000000.00,-183488258
0,OBO00260F5,0000003980000000.06,-257317632,0000000000000000.00,2067964158
0,OAO00350R5,0000040000002300.00,1385684837,47415313235303048.35,-271981020
0,OAO00350R5,0000003790000000.06,-259417632,0000000000000000.00,1687156750
0,OAO00350R5,0000030000001700.00,2113005405,41415303033363052.35,-271981020
0,OAO00350R5,0000030000001700.00,2113009705,41415303033363052.35,-271981020
0,OJO00200E5,0000001960000000.06,-277417632,0000000000000000.00,-1083748099
0,OAO00330R5,0000001920000000.06,-277717632,0000000000000000.00,613204221
0,OAO00330R5,0000001900000000.05,-277717632,0000000000000000.00,-1638248194
0,OAO00330R5,0000001920000000.06,-277517632,0000000000000000.00,751829246
0,OAO00330R5,0000001900000000.05,-277717632,0000000000000000.00,58704126
0,OAO00330R5,0000001900000000.05,-277717632,0000000000000000.00,-702930690
0,OAO00330R5,0000001890000000.05,-277717632,0000000000000000.00,-391425794
0,OAO00330R5,0000001890000000.05,-277717632,0000000000000000.00,855396606
0,OAO00330R5,0000030000001700.00,2113011805,41415303033343052.35,-271981020
0,OAO00330R5,0000020000001100.00,-1454643123,41415303033353051.35,-271981020
0,OBO00290F5,0000001300000000.06,-283717632,0000000000000000.00,1860026621
0,OJO00230R5,0000030000001700.00,2112999905,410415303032333552.35,-271981020
0,OJO00230R5,0000001110000000.11,-285617632,0000000000000000.00,-1360998146
0,OAO00270F5,0000004100000000.06,-255717632,0000000000000000.00,-1083748099
0,OAO00270F5,0000004100000000.06,-255817632,0000000000000000.00,1271271677
0,OAO00270F5,0000004100000000.06,-255817632,0000000000000000.00,1306329341
0,OAO00270F5,0000004070000000.06,-255917632,0000000000000000.00,1271271677
0,OAO00270F5,0000004090000000.06,-255817632,0000000000000000.00,-945925891
0,OAO00270F5,0000004080000000.06,-256017632,0000000000000000.00,1998651646
0,OAO00270F5,0000030000001700.00,2113006805,41415303033303046.35,-271981020
0,OAO00270F5,0000004100000000.06,-255717632,0000000000000000.00,1790714110
0,OAO00270F5,0000030000001700.00,2113011705,41415303032383046.35,-271981020
0,OAO00270F5,0000020000001100.00,-1454646623,41415303032383046.35,-271981020
0,OAO00270F5,0000020000001100.00,-1454647423,41415303032383046.35,-271981020
0,OAO00270F5,0000020000001100.00,-1454647723,41415303032383046.35,-271981020
0,OAO00270F5,0000020000001100.00,-1454648923,41415303032383046.35,-271981020
0,TXO18300E5,0003230000000000.01,1738711296,0000000000000000.00,-2123435779
0,OAO00270E5,0000004140000000.06,-255417632,0000000000000000.00,1548521725
0,OAO00270E5,0000004040000000.06,-256317632,0000000000000000.00,-1430310658
0,OAO00270E5,0000004040000000.06,-256217632,0000000000000000.00,1824968958
0,OAO00270E5,0000004050000000.06,-256517632,0000000000000000.00,1167704318
0,OAO00270E5,0000004050000000.12,-256617632,0000000000000000.00,751829246
0,OAO00270E5,0000030000001700.00,2113001705,41415303032383045.35,-271981020
0,OAO00270E5,0000010000000600.00,-727309755,41415303032383045.35,-271981020
0,OAO00270E5,0000030000001700.00,2112999305,41415303032383045.35,-271981020
0,OAO00270E5,0000030000001700.00,2112997505,41415303032393045.35,-271981020
0,OAO00290F5,0000002260000000.12,-274117632,0000000000000000.00,1824968957
0,OAO00290F5,0000002210000000.06,-274617632,0000000000000000.00,821141757
0,OAO00290F5,0000002220000000.06,-274617632,0000000000000000.00,1166901502
0,OAO00290F5,0000002220000000.06,-274617632,0000000000000000.00,-1638248194
0,OAO00290F5,0000002220000000.06,-274417632,0000000000000000.00,266641662
0,OAO00290F5,0000030000001700.00,2113003405,41415303033313052.35,-271981020
0,OAO00290F5,0000002230000000.06,-296517632,0000000000000000.00,-1430310658
0,OAO00290F5,0000002230000000.06,-274417632,0000000000000000.00,-1707560706
0,OAO00290F5,0000002220000000.06,-274417632,0000000000000000.00,716771582
0,OAO00290F5,0000002220000000.06,-274417632,0000000000000000.00,-1499623170
0,OAO00290F5,0000002220000000.06,-274417632,0000000000000000.00,1825781774
0,OAO00290F5,0000020000001100.00,-1454635323,41415303033303046.35,-271981020
0,OAO00290F5,0000020000001100.00,-1454633823,41415303033303052.35,-271981020
0,OAO00290F5,0000002220000000.11,-274717632,0000000000000000.00,1306329343
0,TXO20600L5,0001610000000000.10,-1476386816,0000000000000000.00,232386813
0,TX420300Q5,0000038500000000.24,53482368,0000092000000000.01,-357170947
0,OAO00300E5,0000001190000000.06,-284917632,0000000000000000.00,2032906493
0,OAO00300E5,0000040000002300.00,1385689837,41415303033313046.35,-271981020
0,OAO00300E5,0000001150000000.06,-285117632,0000000000000000.00,-1188118275
0,OAO00300E5,0000030000001700.00,2113012305,41415303033313051.35,-271981020
0,OAO00300E5,0000030000001700.00,2113004705,41415303033313051.35,-271981020
0,OAO00350Q5,0000003760000000.06,-259317632,0000000000000000.00,1098391805
0,OAO00350Q5,0000030000001700.00,2113006005,47415313230303046.35,-271981020
0,OAO00350Q5,0000040000002300.00,1385689437,47415313230303046.35,-271981020
0,OAO00350Q5,0000003750000000.06,-259117632,0000000000000000.00,-425670743
0,OAO00350Q5,0000040000002300.00,1385688637,42415303033303051.35,-271981020
0,OAO00350Q5,0000003800000000.06,-258817632,0000000000000000.00,-1881243394
0,OAO00350Q5,0000003800000000.12,-258817632,0000000000000000.00,-2123425678
0,CDO09700F5,0000039700000000.06,94482368,0000000000000000.00,1375641853
0,HSO00430Q5,0000000000000000.00,3113,53415303034343051.35,-271981020
0,OKO00130R5,0000002030000000.06,-296517632,0000000000000000.00,-1153060611
0,TXO19900F5,0001680000000000.01,-776386816,0000000000000000.00,-1049493251
0,TXO19900F5,0001690000000000.02,103482368,0000000000000000.00,163074301
0,TGO11750R5,0000394000000000.10,-656484928,0000000000000000.00,-1846185731
0,TXO16700E5,0000020000000200.00,-1454730023,58415313639303045.35,-271981020
0,CKO00575R5,0000000680000000.05,-290117632,0000000000000000.00,58704124
0,OKO00105F5,0000000520000000.06,-291417632,0000000000000000.00,-218545924
0,OKO00105F5,0000000500000000.17,-296517632,0000000000000000.00,1548521725
0,TXO25300F5,0000002800000000.40,-288517632,0000000000000000.00,-1291685636
0,OAO00310E5,0000000180000000.06,-294817632,0000000000000000.00,1790714108
0,OAO00310E5,0000000210000000.06,-294517632,0000000000000000.00,-2019065603
0,OAO00310E5,0000000200000000.06,-294817632,0000000000000000.00,578146557
0,OAO00310E5,0000000200000000.06,-294617632,0000000000000000.00,197329149
0,OAO00310E5,0000000200000000.06,-294617632,0000000000000000.00,-391425794
0,OAO00310E5,0000000200000000.06,-294617632,0000000000000000.00,-218545922
0,OAO00310E5,0000000200000000.06,-294617632,0000000000000000.00,2137276670
0,OAO00310E5,0000000200000000.06,-294617632,0000000000000000.00,-391425794
0,OAO00310E5,0000000200000000.06,-294717632,0000000000000000.00,-668675842
0,OAO00310E5,0000000200000000.06,-294617632,0000000000000000.00,128016638
0,OAO00310E5,0000000200000000.06,-294617632,0000000000000000.00,-599363330
0,OAO00310E5,0000030000001700.00,2113009505,41415303032383045.35,-271981020
0,OAO00310E5,0000000200000000.06,-294817632,0000000000000000.00,-494993153
0,OAO00310E5,0000000200000000.06,-294717632,0000000000000000.00,786084095
0,OAO00310E5,0000040000002300.00,1385679837,41415303032383045.35,-271981020
0,TXO17100S5,0000102000000000.20,713482368,0000000000000000.00,647459068
0,TXO24500E5,0000010000000400.00,-796211167,58415323436303058.35,-271981020
0,TXO24500E5,0000010000000400.00,-796200667,58415323436303046.35,-271981020
0,TX420850E5,0000775000000000.01,-1436452224,0000000000000000.00,717574396
0,TX420850E5,0000795000000000.01,-986452224,0000000000000000.00,-806498051
0,TXO19500F5,0002030000000000.02,103482368,0002210000000000.01,266641660
0,HSO00430R5,0000020000001000.00,-1454655623,53415303034343051.35,-271981020
0,TXO20550E5,0000965000000000.02,713547776,0000000000000000.00,1513464060
0,DHO01600F5,0000030000001600.00,1385621537,59415303137303045.35,-271981020
0,TXO14600X5,0000223000000000.02,1923482368,0000000000000000.00,-1015238404
0,TEO12000R5,0000053500000000.10,228482368,0000000000000000.00,1236214012
0,TEO12000R5,0000052000000000.15,-296417632,0000000000000000.00,959766781
0,TXO19100F5,0002400000000000.01,2128645888,0000000000000000.00,-1603993348
0,OJO00215E5,0000040000002300.00,1385684937,410415303032323052.35,-271981020
0,OJO00215E5,0000000450000000.06,-292117632,0000000000000000.00,-1776873219
0,OJO00215E5,0000030000001700.00,2113011205,410415303032323551.35,-271981020
0,OJO00215E5,0000040000002300.00,1385688937,410415303032323045.35,-271981020
0,CSO00230R5,0000000840000000.05,-288217632,0000000000000000.00,613204220
0,CFO00390Q5,0000002220000000.05,-274917632,0000000000000000.00,-1465368324
0,TXO17600R5,0000040500000000.23,-96517632,0000000000000000.00,-460738308
0,TXO20000G5,0000040000002400.00,-1454428723,58415323032303046.35,-271981020
0,TXO20000G5,0000040000002400.00,-1454424123,584153230303030412.35,-271981020
0,TXO20000G5,0000030000002200.00,2113192505,584153230303030412.35,-271981020
0,TXO17200S5,0000105000000000.22,-196517632,0000000000000000.00,-945123076
0,DQO00155Q5,0000001470000000.05,-282117632,0000000000000000.00,439521532
0,OBO00310R5,0000040000002300.00,1385692637,42415303033333052.35,-271981020
0,OBO00310R5,0000001230000000.06,-284517632,0000000000000000.00,855396606
0,OBO00310R5,0000030000001700.00,2112999805,42415303033333052.35,-271981020
0,TX420400E5,0001170000000000.01,2013547776,0000000000000000.00,-702930692
0,TX420400E5,0000050000004300.00,-1454730023,5834323037303045.35,-271981020
0,CFO00350R5,0000001100000000.05,-285617632,0000000000000000.00,-1533878020
0,TXO22600S5,0001630000000000.01,-1276386816,0000000000000000.00,-148430596
0,TXO19400S5,0000298000000000.22,1643482368,0000000000000000.00,371011836
0,TXO22800R5,0001440000000000.02,118580480,0000000000000000.00,-1707560708
0,CZO02800Q5,0000023700000000.05,-69517632,0000000000000000.00,-772243204
0,NYO01900F5,0000000950000000.06,-287617632,0000000000000000.00,1028276476
0,TXO18800U5,0000485000000000.20,-681484928,0000000000000000.00,-114175748
0,TEO11550Q5,0000001850000000.05,-278267632,0000000000000000.00,-2054123268
0,TX423900Q5,0002330000000000.01,1228645888,0000000000000000.00,-1707560708
0,DHO01550R5,0000006900000000.05,-228017632,0000000000000000.00,-806498052
0,OOO00145Q5,0000002290000000.06,-296517632,0000000000000000.00,1374839038
0,TXO17600S5,0000124000000000.22,-31517632,0000000000000000.00,-391425796
0,TXO17600S5,0000123000000000.20,923482368,0000000000000000.00,-1880440579
0,TXO25000I5,0000064000000000.20,333482368,0000000000000000.00,-1396055812
0,TXO18600E5,0002930000000000.01,-1661288704,0000000000000000.00,2033709308
0,TXO18600E5,0002920000000000.01,-2061288704,0000000000000000.00,371011836
0,DHO01700F5,0000001450000000.06,-283117632,0000000000000000.00,717574396
0,DHO01650F5,0000002560000000.06,-272517632,0000000000000000.00,-217743108
0,DHO01650F5,0000002540000000.06,-272317632,0000000000000000.00,1998651644
0,TXO19800R5,0000155000000000.24,1243482368,0000000000000000.00,-564305668
0,TXO20800R5,0000317000000000.04,-1431484928,0000333000000000.20,-1776873220
0,CKO00575E5,0000004370000000.05,-296217632,0000000000000000.00,-1049493253
0,HSO00390R5,0000000660000000.05,-290117632,0000000000000000.00,-1465368325
0,TX421150Q5,0000133000000000.24,1013482368,0000000000000000.00,1374839035
0,TX421150Q5,0000143000000000.24,1123482368,0000189000000000.10,-1776873220
0,TXO22400G5,0000249000000000.20,-2111484928,0000000000000000.00,440324347
0,TXO24300Q5,0000020000000200.00,-1454732323,58415323434303046.35,-271981020
0,TXO24300Q5,0000020000000200.00,-1454731523,58415323434303051.35,-271981020
0,TXO24300Q5,0002750000000000.01,1133678592,0000000000000000.00,1340584188
0,TFO02040F5,0000060200000000.30,295482368,0000000000000000.00,232386811
0,TFO02040F5,0000056200000000.10,263482368,0000000000000000.00,405266685
0,TEO11650Q5,0000003450000000.05,-262517632,0000000000000000.00,1409896699
0,TEO11650Q5,0000004200000000.05,-255517632,0000000000000000.00,370209020
0,TEO11650Q5,0000003750000000.05,-296517632,0000000000000000.00,-494993155
0,TEO11650Q5,0000003550000000.05,-261517632,0000000000000000.00,-1118805763
0,TXO22400I5,0000454000000000.20,-61484928,0000000000000000.00,-252800773
0,NYO01650E5,0000016000000000.06,-138517632,0000000000000000.00,-218545925
0,TEO11700Q5,0000005300000000.05,-296517632,0000000000000000.00,-1741815557
0,TXO26200I5,0000030000000000.20,-265517632,0000000000000000.00,-807300869
0,NYO01750F5,0000008100000000.06,-217017632,0000000000000000.00,1201959163
0,TX422900Q5,0001310000000000.01,-981419520,0000000000000000.00,1790714107
0,TX422900Q5,0001310000000000.01,-981419520,0000000000000000.00,197319447
0,TXO20300R5,0000209000000000.03,1773482368,0000000000000000.00,-1984810757
0,TXO20300R5,0000219000000000.04,1883482368,0000000000000000.00,613204220
0,TXO14800E5,0000020000000200.00,-1454727323,58415313530303045.35,-271981020
0,TX423600Q5,0000040000003200.00,-1454727823,5834323338303051.35,-271981020
0,TXO24000Q5,0002470000000000.01,-1566321408,0000000000000000.00,-910868228
0,TXO18800S5,0000100000014900.00,2113264505,58415313931303053.35,-271981020
0,TXO18800S5,0000221000000000.22,783482368,0000000000000000.00,-980180740
0,TXO24100E5,0000000000000000.00,-296517632,0000031000000000.80,509636759
0,TXO25600R5,0000020000000400.00,-1454709123,58415323538303052.35,-271981020
0,TXO25600R5,0004140000000000.01,1248776704,0000000000000000.00,1617834236
0,CEO00850F5,0000001090000000.06,-286017632,0000000000000000.00,508834043
0,CSO00215R5,0000000000000000.00,-296517632,0000000000000000.00,1444151547
0,CSO00215R5,0000000270000000.05,-293917632,0000000000000000.00,-356368133
0,CKO00625Q5,0000000900000000.05,-288017632,0000000000000000.00,301699323
0,TXO22200U5,0000040000001400.00,-1454718723,58415323234303053.35,-271981020
0,TXO22200U5,0000040000001500.00,-727358155,58415323235303053.35,-271981020
0,TXO22200U5,0001720000000000.03,-876386816,0000000000000000.00,-1430310659
0,TXO20400L5,0000030000002200.00,2112998305,58415323034303058.35,-271981020
0,TXO20400L5,0000030000002300.00,2112994905,58415323034303055.35,-271981020
0,TXO20400L5,0001710000000000.10,-476386816,0000000000000000.00,266641660
0,TXO16300E5,0000020000000200.00,-1454730823,58415313634303045.35,-271981020
0,CDO08700F5,0000112500000000.06,-296517632,0000000000000000.00,613204119
0,TXO27100Q5,0000020000000200.00,-1454727023,58415323732303051.35,-271981020
0,TXO21500F5,0000510000000000.23,458515072,0000600000000000.54,855396603
0,TXO21500F5,0000515000000000.23,508515072,0000605000000000.50,-806498053
0,TXO21500F5,0000495000000000.05,338515072,0000600000000000.04,1998651644
0,TXO21500F5,0000495000000000.05,338515072,0000000000000000.00,1201959164
0,TXO21500F5,0000500000000000.47,368515072,0000000000000000.00,647459069
0,OBO00270F5,0000003050000000.06,-266517632,0000000000000000.00,-841555717
0,OBO00270F5,0000003080000000.06,-266317632,0000000000000000.00,578146555
0,OBO00270F5,0000003020000000.06,-266517632,0000000000000000.00,1028276477
0,OBO00270F5,0000040000002300.00,1385685937,42415303032393046.35,-271981020
0,OBO00270F5,0000002990000000.06,-267017632,0000000000000000.00,716771582
0,TXO18400L5,0003060000000000.03,-296517632,0000000000000000.00,-564305669
0,TXO18500E5,0000020000000200.00,2112870405,58415313837303053.35,-271981020
0,TXO22700F5,0000096000000000.24,653482368,0000277000000000.01,-1568935684
0,CDO09700R5,0000030400000000.06,482368,0000000000000000.00,301699323
0,CKO00625F5,0000001730000000.05,-279717632,0000000000000000.00,1028276477
0,CDO08800R5,0000005400000000.06,-249917632,0000000000000000.00,1201959163
0,TXO17200E5,0004320000000000.01,-246190592,0000000000000000.00,405266683
0,TXO20500G5,0001170000000000.02,-1581419520,0000000000000000.00,2067964155
0,TXO20500G5,0000040000002300.00,1385827837,58415323036353045.35,-271981020
0,TXO22900R5,0001500000000000.02,103482368,0000000000000000.00,-1015238405
0,TXO22900R5,0000040000003200.00,-1454725623,58415323330303051.35,-271981020
0,TXO22900R5,0001520000000000.02,103482368,0000000000000000.00,821141756
0,TFO02040R5,0000022200000000.10,-76517632,0000000000000000.00,-218545925
0,TX419600E5,0001930000000000.01,1023613184,0000000000000000.00,-1188118276
0,TXO24700Q5,0003150000000000.01,938711296,0000000000000000.00,1790714107
0,TXO24700Q5,0000030000000300.00,-1454734423,58415323438303047.35,-271981020
0,CDO10500Q5,0000068000000000.06,373482368,0000000000000000.00,578949371
0,CDO10500Q5,0000068000000000.06,373482368,0000000000000000.00,-322113285
0,CDO10500Q5,0000067500000000.06,363482368,0000000000000000.00,647449367
0,CDO10500Q5,0000067000000000.06,363482368,0000000000000000.00,163074300
0,CDO10500Q5,0000068500000000.06,383482368,0000000000000000.00,-218545924
0,TFO02080F5,0000034600000000.10,47482368,0000000000000000.00,717574395
0,TXO16900S5,0000090000000000.20,-269517632,0000000000000000.00,-218545925
0,TXO16900S5,0000093000000000.22,-269517632,0000000000000000.00,335954172
0,TFO01980F5,0000107000000000.30,-296117632,0000000000000000.00,-772243205
0,TXO18600R5,0000070000000000.27,363482368,0000077000000000.02,232386811
0,TXO25800L5,0000050000009000.00,-1454536523,58415323538303052.35,-271981020
0,CDO09400E5,0000042900000000.06,-295517632,0000000000000000.00,1687146747
0,TXO16800F5,0000010000000100.00,-727361855,58415313730303045.35,-271981020
0,TXO17400U5,0000289000000000.20,-1711484928,0000000000000000.00,-1776873221
0,TXO25000R5,0000020000000900.00,-727363255,58415323533303051.35,-271981020
0,TXO25000R5,0003430000000000.08,-296517632,0000000000000000.00,1721401595
0,TEO12200R5,0000064000000000.05,-296417632,0000000000000000.00,371011835
0,CSO00250R5,0000001880000000.05,-277817632,0000000000000000.00,509636859
0,TGO11700H5,0000040000004000.00,2113139105,47415313231353046.35,-271981020
0,TGO11700H5,0000503500000000.10,433515072,0000000000000000.00,-1603180630
0,TGO11700H5,0000513000000000.10,503515072,0000000000000000.00,-1430310658
0,TXO20200U5,0000820000000000.22,-736452224,0000000000000000.00,1860026619
0,TXO20200U5,0000825000000000.20,-686452224,0000000000000000.00,-980180740
0,TXO20200U5,0000830000000000.20,-636452224,0000000000000000.00,-2088378116
0,TXO20200U5,0000830000000000.22,-636452224,0000000000000000.00,-357170948
0,TXO20200U5,0000060000005300.00,2113151705,584153230343030412.35,-271981020
0,TXO20200U5,0000060000005300.00,2113152705,58415323033303053.35,-271981020
0,TEO12100F5,0000016050000000.05,-136517632,0000000000000000.00,232386811
0,TEO12100F5,0000015500000000.05,-145017632,0000000000000000.00,-1846185732
0,TEO12100F5,0000015600000000.05,-141017632,0000000000000000.00,-2019065603
0,TXO18800R5,0000080000000000.21,493482368,0000173000000000.03,613204219
0,TXO18800R5,0000078000000000.24,473482368,0000300000000000.01,266641659
0,TXO20800G5,0001000000000000.22,1013547776,0000000000000000.00,-980180741
0,TXO20800G5,0000980000000000.10,813547776,0000000000000000.00,2067964155
0,TXO20800G5,0000960000000000.40,663547776,0000000000000000.00,-1603993348
0,TXO20800G5,0000965000000000.12,713547776,0000000000000000.00,717574396
0,CDO09900Q5,0000010550000000.06,-191517632,0000000000000000.00,-1846185733
0,CDO09900Q5,0000012850000000.06,-174517632,0000000000000000.00,1721401496
0,OBO00330Q5,0000040000002300.00,1385682937,47415313230303046.35,-271981020
0,OBO00330Q5,0000002920000000.06,-267417632,0000000000000000.00,1374839038
0,OBO00330Q5,0000002940000000.06,-267217632,0000000000000000.00,-1603993346
0,HSO00430F5,0000000000000000.00,-296517632,0000000000000000.00,509636859
0,HSO00430F5,0000001730000000.05,-279417632,0000000000000000.00,405266683
0,TFO02040E5,0000047400000000.10,175482368,0000000000000000.00,1860026619
0,TFO02040E5,0000041600000000.30,117482368,0000000000000000.00,786084093
0,TX419700Q5,0000017500000000.20,-126517632,0000032000000000.02,-1188118277
0,TX419700Q5,0000019500000000.20,-106517632,0000032000000000.02,1166901499
0,TX421650E5,0000259000000000.24,-2021484928,0000349000000000.01,1167704315
0,TX421650E5,0000208000000000.09,1773482368,0000261000000000.01,-1396055812
0,TX421650E5,0000205000000000.08,1743482368,0000270000000000.03,2137276668
0,TXO18200R5,0000052000000000.23,183482368,0000000000000000.00,-391425797
0,TGO12000F5,0000238500000000.20,-296517632,0000000000000000.00,1097588987
0,TGO12000F5,0000020000002000.00,-1454553823,5834323037303045.35,-271981020
0,TGO12000F5,0000240000000000.10,2098482368,0000000000000000.00,-910858327
0,OOO00145R5,0000002310000000.06,-274417632,0000000000000000.00,-218555625
0,TX423200Q5,0001560000000000.01,2018580480,0000000000000000.00,1236214011
0,TXO19700S5,0000330000000000.02,-1301484928,0000000000000000.00,-1014435689
0,TXO19700S5,0000349000000000.22,-1991484928,0000000000000000.00,-1776873220
0,TXO19700S5,0000349000000000.22,-1991484928,0000000000000000.00,-1741815556
0,TXO19700S5,0000340000000000.02,-1201484928,0000000000000000.00,1687146749
0,CDO06600E5,0000324000000000.06,-296517632,0000000000000000.00,-1672503045
0,TXO18100S5,0000148000000000.22,168482368,0000000000000000.00,821141755
0,TXO18100S5,0000153000000000.22,168482368,0000000000000000.00,-1049493253
0,TXO18100S5,0000159000000000.20,1283482368,0000000000000000.00,1409896700
0,TXO16400S5,0000071000000000.02,403482368,0000000000000000.00,-1118805765
0,TXO16400S5,0000080000010600.00,-1454531123,58415313638303058.35,-271981020
0,OOO00120R5,0000030000001700.00,2112998505,415415303031323552.35,-271981020
0,TXO20000E5,0001610000000000.07,1518580480,0000000000000000.00,-1430310662
0,TXO20000E5,0001520000000000.06,1918580480,0001830000000000.01,-806498052
0,TX423500Q5,0001830000000000.01,23613184,0000000000000000.00,924709114
0,DHO01500R5,0000004370000000.06,-254117632,0000000000000000.00,-737185541
0,TXO26700Q5,0005070000000000.01,-1336125184,0000000000000000.00,-1153060614
0,TX421350E5,0000428000000000.40,-321484928,0000000000000000.00,2067964155
0,TX421350E5,0000390000000000.20,-701484928,0000000000000000.00,-79920900
0,CSO00210R5,0000000210000000.05,-294617632,0000000000000000.00,163074298
0,TXO15700E5,0005880000000000.01,1968907520,0000000000000000.00,508834042
0,TXO15700E5,0005890000000000.01,-1726059776,0000000000000000.00,24449275
0,TXO24700S5,0000010000000100.00,-727362555,58415323438303055.35,-271981020
0,TXO24700S5,0000010000000100.00,-727354855,58415323438303047.35,-271981020
0,TGO11300T5,0000376500000000.10,-921484928,0000000000000000.00,1617844339
0,TX421100E5,0000650000000000.01,1608515072,0000000000000000.00,1824968954
0,TX421100E5,0000625000000000.01,1608515072,0000000000000000.00,-1257430790
0,CCO00440E5,0000003560000000.05,-261117632,0000000000000000.00,1582776570
0,CCO00440E5,0000003500000000.05,-261617632,0000000000000000.00,-10608390
0,TXO16400U5,0000205000000000.02,1743482368,0002350000000000.02,-10608389
0,TXO16400U5,0000207000000000.20,1763482368,0002350000000000.02,890454268
0,TXO16400U5,0000070000012400.00,658342169,58415313636303045.35,-271981020
0,TXO16400U5,0000070000012400.00,658351669,58415313638303058.35,-271981020
0,CKO00650R5,0000004490000000.05,-252217632,0000000000000000.00,1755656442
0,CKO00650R5,0000004270000000.05,-254917632,0000000000000000.00,-1188118276
0,CKO00650R5,0000004270000000.05,-254317632,0000000000000000.00,-1188118275
0,TX421900E5,0000147000000000.25,1153482368,0000230000000000.01,-1153060614
0,TX421900E5,0000116000000000.20,853482368,0000124000000000.20,-79118084
0,TX421900E5,0000110000000000.24,793482368,0000154000000000.10,1444954364
0,TX421900E5,0000105000000000.01,743482368,0000230000000000.01,93761788
0,TX421900E5,0000108000000000.24,753482368,0000117000000000.02,-945123075
0,TXO27200Q5,0005560000000000.01,-1331092480,0000000000000000.00,-1880440582
0,DVO13500F5,0000038400000000.02,-296517632,0000000000000000.00,1444151546
0,TXO23500G5,0000079000000000.22,-266517632,0000000000000000.00,-702930694
0,TXO23500G5,0000077000000000.22,-266517632,0000000000000000.00,-79920902
0,TXO23500G5,0000076000000000.01,443482368,0000000000000000.00,-1776873220
0,CHO00135F5,0000000630000000.05,-290317632,0000000000000000.00,1479209210
0,CHO00135F5,0000000650000000.05,-290117632,0000000000000000.00,959766780
0,TXO21200X5,0001580000000000.10,-1776386816,0000000000000000.00,-1534680837
0,TEO11450Q5,0000040000001600.00,1385619437,45415313136303045.35,-271981020
0,TEO11450Q5,0000000310000000.05,-293467632,0000000000000000.00,-1291685638
0,TFO02000R5,0000013200000000.10,-166517632,0000000000000000.00,1063334139
0,TXO18300F5,0000010000000100.00,-1454728523,58415313836303049.35,-271981020
0,TXO23300G5,0000090000000000.20,593482368,0000000000000000.00,1929339132
0,TXO21600X5,0001760000000000.10,23613184,0000000000000000.00,-668675846
0,TXO21600X5,0001660000000000.04,-146517632,0000000000000000.00,-322113283
0,CHO00120R5,0000000160000000.05,-295217632,0000000000000000.00,1167704314
0,CDO08500R5,0000002330000000.06,-280317632,0000000000000000.00,-148430697
0,DVO13500R5,0000057000000000.02,-296517632,0000000000000000.00,-2122632966
0,TXO24100F5,0000013500000000.40,-176517632,0000000000000000.00,-1188118278
0,TXO24100F5,0000013500000000.20,-166517632,0000000000000000.00,-1742618372
0,TXO17300S5,0000103000000000.20,723482368,0000000000000000.00,-1880440582
0,TXO17300S5,0000105000000000.20,743482368,0000000000000000.00,1790714107
0,NYO01950R5,0000014100000000.06,-158017632,0000000000000000.00,-287055722
0,TXO20000F5,0001670000000000.01,-876386816,0000000000000000.00,1895084282
0,TXO17500R5,0000035500000000.20,53482368,0000000000000000.00,300896506
0,TXO24400I5,0000090000014600.00,1385871137,58415323434303058.35,-271981020
0,TXO24400I5,0000100000000000.21,-251517632,0000000000000000.00,-737185541
0,TXO24400I5,0000090000014600.00,2113237905,58415323435303045.35,-271981020
0,TEO12400F5,0000008700000000.05,-210017632,0000000000000000.00,821141754
0,TXO19600I5,0000030000001300.00,2112870505,58415323030303049.35,-271981020
0,TXO21100Q5,0000012500000000.39,-176517632,0000015500000000.09,1929339132
0,CDO10000E5,0000002260000000.06,-276517632,0000000000000000.00,-391425898
0,TXO18100E5,0003450000000000.01,-756256000,0000000000000000.00,1687146746
0,CKO00575F5,0000004680000000.05,-250517632,0000000000000000.00,405266683
0,CKO00575F5,0000004740000000.05,-250317632,0000000000000000.00,-1811128067
0,CZO02350R5,0000005150000000.05,-247717632,0000000000000000.00,-1707560710
0,CZO02350R5,0000005150000000.05,-247217632,0000000000000000.00,-1015238406
0,TXO17600E5,0003950000000000.01,-151223296,0000000000000000.00,2102219002
0,TXO16800S5,0000110000013700.00,2113062005,58415313732303058.35,-271981020
0,TXO15500E5,0006060000000000.01,-126059776,0000000000000000.00,-1464565510
0,TXO15500E5,0006010000000000.01,-1026059776,0000000000000000.00,-910868229
0,TXO21200L5,0000040000004200.00,1385789637,58415323134303053.35,-271981020
0,TXO21200L5,0001250000000000.12,-146517632,0000000000000000.00,1929339132
0,TXO25700Q5,0000020000000200.00,-1454733723,58415323539303051.35,-271981020
0,TXO25700Q5,0004070000000000.01,1548776704,0000000000000000.00,-356368134
0,TXO25700Q5,0004170000000000.01,-1746190592,0000000000000000.00,508834044
0,TXO18600I5,0002750000000000.01,1333678592,0000000000000000.00,-79920902
0,TXO18600I5,0002750000000000.01,1333678592,0000000000000000.00,-1638248197
0,DQO00120E5,0000001880000000.05,-278217632,0000000000000000.00,-148430598
0,CDO08800E5,0000000000000000.00,-296517632,0000000000000000.00,613204218
0,TXO24900Q5,0003310000000000.01,2038711296,0000000000000000.00,1756459258
0,TXO24900Q5,0003280000000000.01,-2056256000,0000000000000000.00,-945123077
0,TXO24900Q5,0003260000000000.01,-296517632,0000000000000000.00,716771579
0,TXO24900Q5,0003260000000000.01,1938711296,0000000000000000.00,-1533878021
0,TXO24900Q5,0003320000000000.01,2038711296,0000000000000000.00,508834045
0,TXO24900Q5,0000020000000200.00,-1454730723,58415323530303051.35,-271981020
0,TGO11850R5,0000030000003000.00,2113137905,47415313230303046.35,-271981020
0,TGO11850R5,0000460000000000.10,3515072,0000000000000000.00,-79920899
0,TGO11850R5,0000451500000000.10,-81484928,0000000000000000.00,-945123074
0,TGO11850R5,0000010000001000.00,-727264155,47415313139303048.35,-271981020
0,TFO02080E5,0000009200000000.10,-295517632,0000000000000000.00,682516732
0,TXO18000I5,0003250000000000.01,1938711296,0000000000000000.00,-772243206
0,TXO19600S5,0000318000000000.20,1743482368,0000000000000000.00,-1499623174
0,TXO19600S5,0000323000000000.22,1743482368,0000000000000000.00,-1673305861
0,TXO22600U5,0001990000000000.03,1923613184,0000000000000000.00,890454269
0,TXO21300F5,0000650000000000.03,1858515072,0000000000000000.00,-1465368326
0,TXO23600I5,0000080000011400.00,-1454533823,58415323338303047.35,-271981020
0,TXO23600I5,0000183000000000.02,1523482368,0000000000000000.00,1964396795
0,TXO22300F5,0000189000000000.24,1583482368,0000222000000000.49,2032906490
0,TXO22300F5,0000175000000000.24,1443482368,0000190000000000.20,-1257430788
0,TXO22300F5,0000174000000000.24,1433482368,0000274000000000.01,-1811930884
0,TXO21500S5,0000900000000000.32,63547776,0000000000000000.00,-1188118278
0,TXO21500S5,0000880000000000.20,-136452224,0000000000000000.00,-737185542
0,OJO00220F5,0000000440000000.06,-292217632,0000002960000000.01,-1568935686
0,OJO00220F5,0000000440000000.23,-296517632,0000003410000000.02,-1811128067
0,OJO00220F5,0000030000001700.00,-1523843435,410415303032303545.35,-271981020
0,OJO00220F5,0000030000001700.00,-1523841535,410415303032303546.35,-271981020
0,TXO22050Q5,0000462000000000.20,-31484928,0000000000000000.00,-564305670
0,TXO22050Q5,0000453000000000.20,-141484928,0000000000000000.00,-1153863430
0,TXO22050Q5,0000535000000000.02,708515072,0000000000000000.00,-1811128068
0,TXO16600X5,0000394000000000.02,-661484928,0000000000000000.00,-1188118278
0,TXO16600X5,0000402000000000.02,-581484928,0000000000000000.00,1617834236
0,TXO16600X5,0000399000000000.02,-611484928,0000000000000000.00,-1015238403
0,TXO25600Q5,0004000000000000.01,848776704,0000000000000000.00,-1083748102
0,TXO25600Q5,0004030000000000.01,1048776704,0000000000000000.00,-2122632965
0,GIO01450R5,0000000000000000.00,0,057606290201214154.11,160759931
0,CSO00250Q5,0000000000000000.00,-296517632,0000000000000000.00,-1291685638
0,CSO00250Q5,0000001420000000.05,-282817632,0000000000000000.00,335954170
0,TX419800Q5,0000021500000000.20,-96517632,0000000000000000.00,924709114
0,TXO20000U5,0000750000000000.20,-1436452224,0000000000000000.00,-1949753094
0,CEO00825Q5,0000002210000000.06,-296517632,0000000000000000.00,-1430310662
0,CFO00360F5,0000020000001000.00,-1454656023,46415303033373046.35,-271981020
0,OJO00200F5,0000001970000000.11,-277017632,0000000000000000.00,-1846185730
0,TXO23200U5,0002370000000000.01,1728645888,0000000000000000.00,-218545926
0,TXO20500E5,0001080000000000.15,1813547776,0001290000000000.01,1548521722
0,OBO00320R5,0000002010000000.06,-296517632,0000000000000000.00,-1015238406
0,OBO00320R5,0000002040000000.05,-276317632,0000000000000000.00,1237016826
0,OBO00320R5,0000002030000000.06,-276317632,0000000000000000.00,509636859
0,OBO00320R5,0000002040000000.05,-276217632,0000000000000000.00,-494993154
0,TXO20000L5,0001950000000000.02,1923613184,0000000000000000.00,1582776570
0,OAO00320Q5,0000030000001600.00,2112987705,41415303033343051.35,-271981020
0,OAO00320Q5,0000000840000000.11,-288217632,0000000000000000.00,1825771774
0,OAO00320Q5,0000000840000000.05,-288217632,0000000000000000.00,-737988354
0,OAO00320Q5,0000000840000000.11,-288317632,0000000000000000.00,1687146750
0,OAO00320Q5,0000000830000000.11,-296517632,0000000000000000.00,439521534
0,OAO00320Q5,0000030000001700.00,2113006505,41415303033333051.35,-271981020
0,OAO00320Q5,0000030000001700.00,2113006805,41415303033333052.35,-271981020
0,CSO00225F5,0000001600000000.05,-281017632,0000000000000000.00,-1015238406
0,TXO21600S5,0000950000000000.52,-146517632,0000000000000000.00,-876613382
0,TXO21600S5,0000060000006200.00,658600169,58415323232303047.35,-271981020
0,TXO21600S5,0000955000000000.20,613547776,0000000000000000.00,-1811128070
0,TXO21600S5,0000040000004000.00,1385783537,58415323230303049.35,-271981020
0,TXO21600S5,0000050000004200.00,2113131605,58415323137303047.35,-271981020
0,TXO21600S5,0000060000006200.00,658587969,58415323138303053.35,-271981020
0,TXO21600S5,0000990000000000.50,963547776,0000000000000000.00,-1811128068
0,TXO21600S5,0000030000003100.00,2113059605,58415323232303047.35,-271981020
0,TXO16200X5,0000349000000000.20,-2041484928,0000000000000000.00,751829242
0,TXO16200X5,0000354000000000.02,-1061484928,0000000000000000.00,-114185448
0,TXO16200X5,0000060000010200.00,-1454535423,58415313637303045.35,-271981020
0,CCO00550R5,0000007750000000.05,-221017632,0000000000000000.00,-530050820
0,TXO23600Q5,0000070000004000.00,-1454728923,58415323339303051.35,-271981020
0,TXO23600Q5,0002060000000000.01,-1371354112,0000000000000000.00,128016636
0,TXO23600Q5,0002050000000000.01,2123613184,0000000000000000.00,613204221
0,TX421000E5,0000705000000000.01,-1886452224,0000000000000000.00,-1499623174
0,TX421000E5,0000720000000000.01,-1986452224,0000000000000000.00,1028276475
0,TXO21800I5,0000690000000000.22,-2036452224,0000000000000000.00,1963593978
0,CKO00600R5,0000001650000000.05,-280117632,0000000000000000.00,1409896698
0,TGO11850F5,0000303000000000.10,-1566484928,0000000000000000.00,-217743108
0,TXO20800I5,0001210000000000.10,-1181419520,0000000000000000.00,821141754
0,TXO20800I5,0001190000000000.10,-1381419520,0000000000000000.00,-114175749
0,TXO20800I5,0000040000002800.00,-1454635723,58415323039303047.35,-271981020
0,TXO20800I5,0001180000000000.22,-1481419520,0000000000000000.00,-1499623172
0,TXO20800I5,0000040000002800.00,-1454630823,58415323038303055.35,-271981020
0,TXO16800U5,0000060000009600.00,-1454530323,58415313736303055.35,-271981020
0,TXO16800U5,0000238000000000.20,2073482368,0000000000000000.00,-530050820
0,TXO19400L5,0002340000000000.09,-296517632,0000000000000000.00,1998651642
0,TXO23600R5,0001980000000000.01,1723613184,0000000000000000.00,-44863238
0,TXO23600R5,0000030000002200.00,-727353655,58415323336303058.35,-271981020
0,TXO16300R5,0000018000000000.20,-121517632,0000000000000000.00,-910868230
0,TXO16300R5,0000018000000000.20,-121517632,0000000000000000.00,2103021819
0,TX420900E5,0000725000000000.01,813482368,0000000000000000.00,1305526523
0,TX420900E5,0000790000000000.01,-1886452224,0000000000000000.00,-1291685637
0,TX420900E5,0000750000000000.01,-1436452224,0000000000000000.00,1929339131
0,TX420900E5,0000745000000000.01,-1736452224,0000000000000000.00,-1534680835
0,TXO21000I5,0001090000000000.12,1913547776,0000000000000000.00,-737185542
0,TXO21000I5,0001090000000000.32,-146517632,0000000000000000.00,-114175750
0,TXO21000I5,0001110000000000.02,2113547776,0000000000000000.00,751829242
0,TXO21000I5,0000050000005200.00,1385863237,58415323131303047.35,-271981020
0,TXO21000I5,0001070000000000.32,-146517632,0000000000000000.00,-668675843
0,TXO16600R5,0000020000000000.03,-101517632,0000000000000000.00,1375641850
0,TXO24200U5,0003210000000000.03,1538711296,0000000000000000.00,-114175750
0,TXO24200U5,0000020000000700.00,-727357655,58415323433303047.35,-271981020
0,OKO00110R5,0000000400000000.11,-292717632,0000000000000000.00,-287055622
0,OKO00110R5,0000000350000000.06,-293117632,0000000000000000.00,-1188118275
0,OKO00110R5,0000000340000000.05,-293217632,0000000000000000.00,-2123435778
0,CCO00470Q5,0000000210000000.06,-294617632,0000000000000000.00,-79920902
0,TXO22600X5,0002260000000000.03,228645888,0000000000000000.00,1340584186
0,TXO22600X5,0002300000000000.01,1028645888,0000000000000000.00,1825771771
0,TXO22600X5,0002330000000000.03,1028645888,0000000000000000.00,474579197
0,TXO22600X5,0000030000001300.00,-727361855,58415323237303053.35,-271981020
0,TXO24200G5,0000036000000000.02,58482368,0000000000000000.00,1444151546
0,TXO24200G5,0000037500000000.20,73482368,0000000000000000.00,-2123435782
0,TXO24200G5,0000040000008000.00,-1454537323,58415323433303051.35,-271981020
0,TXO24200G5,0000036000000000.20,-286517632,0000000000000000.00,-633618181
0,TXO24200G5,0000040000003200.00,-1454537523,58415323432303051.35,-271981020
0,TXO24200G5,0000040000003200.00,-1454534623,58415323432303055.35,-271981020
0,TXO17800G5,0003430000000000.01,-296517632,0000000000000000.00,2033709308
0,TXO21300G5,0000710000000000.20,-1836452224,0000000000000000.00,1929339130
0,TXO21300G5,0000700000000000.22,-1936452224,0000000000000000.00,-807300870
0,TXO24500G5,0000026500000000.20,-36517632,0000000000000000.00,474579094
0,TXO24500G5,0000070000014700.00,2113547605,58415323436303055.35,-271981020
0,CKO00550E5,0000006650000000.05,-230517632,0000000000000000.00,-426483460
0,CKO00550E5,0000006650000000.05,-230517632,0000000000000000.00,-9805572
0,OAO00330Q5,0000001920000000.06,-277717632,0000000000000000.00,300896506
0,OAO00330Q5,0000001810000000.11,-278517632,0000000000000000.00,-980180741
0,OAO00330Q5,0000001810000000.17,-296517632,0000000000000000.00,1895084286
0,OAO00330Q5,0000001800000000.11,-296517632,0000000000000000.00,647459070
0,OAO00330Q5,0000030000001700.00,2113011205,41415303033343051.35,-271981020
0,TXO19200I5,0002300000000000.03,1128645888,0000000000000000.00,-10608390
0,CKO00675R5,0000006750000000.05,-230017632,0000000000000000.00,-494993158
0,CKO00675R5,0000006200000000.05,-235517632,0000000000000000.00,-322113285
0,TXO24800L5,0000195000000000.20,1643482368,0000000000000000.00,-1430310662
0,TXO24800L5,0000193000000000.22,98482368,0000000000000000.00,1166901501
0,TFO02240R5,0000165000000000.10,-296117632,0000000000000000.00,-252800774
0,TXO18300R5,0000056000000000.04,253482368,0000000000000000.00,-1049493253
0,TXO18300R5,0000059000000000.27,-196517632,0000000000000000.00,994021628
0,OOO00110F5,0000001090000000.06,-285717632,0000000000000000.00,439521530
0,OOO00110F5,0000050000002800.00,658353469,415415303031323551.35,-271981020
0,OOO00110F5,0000001150000000.06,-285217632,0000000000000000.00,-772243202
0,TXO20500Q5,0000001500000000.19,-282517632,0000002300000000.03,24449274
0,TXO20500Q5,0000001800000000.01,-279517632,0000002400000000.02,163074298
0,TX422400Q5,0000745000000000.01,-1486452224,0000000000000000.00,-876613382
0,CBO00220R5,0000001070000000.05,-286217632,0000000000000000.00,-217743110
0,CBO00220R5,0000001070000000.05,-286517632,0000000000000000.00,-1707560710
0,CBO00220R5,0000000940000000.05,-287317632,0000000000000000.00,-945925892
0,TXO19100S5,0000090000012400.00,2113254605,58415313934303055.35,-271981020
0,TXO19100S5,0000243000000000.02,2123482368,0000000000000000.00,1652089083
0,TXO19100S5,0000090000012500.00,2113256905,58415313932303049.35,-271981020
0,TXO19100S5,0000258000000000.22,1223482368,0000000000000000.00,-426483460
0,TXO19100S5,0000253000000000.20,1223482368,0000000000000000.00,-460738308
0,TXO20250E5,0000100000005100.00,1385503737,58415323034303046.35,-271981020
0,TXO20250E5,0001250000000000.03,-781419520,0000000000000000.00,1479209212
0,TXO20250E5,0001280000000000.02,-481419520,0000000000000000.00,786084092
0,TXO25000G5,0000017500000000.20,-288517632,0000000000000000.00,-1672503046
0,OKO00094R5,0000000000000000.00,-296517632,0000000000000000.00,-1811128067
0,TXO20500R5,0000235000000000.24,1943482368,0000000000000000.00,1687146746
0,HSO00390E5,0000004080000000.05,-296517632,0000000000000000.00,-807300870
0,TX421800Q5,0000356000000000.40,-1041484928,0000424000000000.01,-1949753094
0,TX421800Q5,0000356000000000.20,-1041484928,0000400000000000.01,2032906490
0,TX421800Q5,0000356000000000.45,-1041484928,0000400000000000.01,716771578
0,TX421800Q5,0000323000000000.20,-1371484928,0000460000000000.01,163074298
0,TX421800Q5,0000348000000000.20,-1121484928,0000400000000000.01,-1568935686
0,TX421800Q5,0000373000000000.20,-871484928,0000454000000000.10,1479209211
0,TX421800Q5,0000380000000000.20,-801484928,0000455000000000.01,-2123435781
0,TXO18700S5,0000195000000000.02,1643482368,0000000000000000.00,1929339130
0,TXO18700S5,0000199000000000.20,683482368,0000000000000000.00,-2088378118
0,TXO18700S5,0000205000000000.02,1743482368,0000000000000000.00,-980180741
0,TXO18700S5,0000211000000000.02,1803482368,0000000000000000.00,613204220
0,TXO16200S5,0000066000000000.40,-273517632,0000000000000000.00,1409896698
0,TXO16200S5,0000068000000000.40,-273517632,0000000000000000.00,-1672503045
0,TXO16200S5,0000070000014000.00,-1454535823,58415313732303055.35,-271981020
0,TX419900Q5,0000025000000000.20,-51517632,0000000000000000.00,509636859
0,TXO23900F5,0000018500000000.02,-116517632,0000000000000000.00,2033709306
0,TXO17900F5,0003670000000000.01,1843744000,0000000000000000.00,2032906490
0,TXO17900F5,0003630000000000.01,-296517632,0000000000000000.00,-2019065606
0,NYO01700E5,0000011650000000.06,-181517632,0000000000000000.00,1790714106
0,NYO01700E5,0000010600000000.06,-192017632,0000000000000000.00,855396605
0,TX423000E5,0000006200000000.20,-278517632,0000045000000000.01,-1430310662
0,TX423000E5,0000005600000000.20,-241517632,0000009000000000.02,-2088378117
0,CDO08000F5,0000179000000000.06,-296517632,0000000000000000.00,2033709308
0,TXO19000S5,0000228000000000.02,1973482368,0000000000000000.00,1824968954
0,TFO02040Q5,0000000580000000.10,-290917632,0000000000000000.00,163074298
0,OBO00340Q5,0000003850000000.06,-296517632,0000000000000000.00,371011834
0,TX422050E5,0000122000000000.24,913482368,0000186000000000.10,578146553
0,TX422050E5,0000109000000000.26,773482368,0000120000000000.01,-1846185735
0,TX422050E5,0000114000000000.04,833482368,0000202000000000.10,-2054123271
0,TX422050E5,0000090000000000.24,593482368,0000400000000000.04,-1499623174
0,TX422050E5,0000098000000000.22,673482368,0000227000000000.01,647459066
0,TX422050E5,0000064000000000.24,333482368,0000106000000000.04,543891708
0,TX422050E5,0000066000000000.06,353482368,0000121000000000.03,-1257430787
0,TXO16900R5,0000025000000000.23,-196517632,0000000000000000.00,1790714105
0,TX420500E5,0001100000000000.01,1413547776,0000000000000000.00,163074299
0,TX420500E5,0001090000000000.01,1713547776,0000000000000000.00,93761788
0,TX420500E5,0001080000000000.01,1113547776,0000000000000000.00,440324348
0,TXO20700G5,0001110000000000.10,2113547776,0000000000000000.00,1444954361
0,TXO19700F5,0001880000000000.01,1223613184,0000000000000000.00,-1776873219
0,TXO26300Q5,0004580000000000.01,-1941157888,0000000000000000.00,-702930695
0,TXO20100G5,0001550000000000.01,-2076386816,0000000000000000.00,-287055623
0,TXO17100E5,0004590000000000.01,2053809408,0000000000000000.00,-1533878023
0,TXO17100E5,0004390000000000.01,453809408,0000000000000000.00,440324348
0,TXO20400S5,0000459000000000.22,-971484928,0000000000000000.00,-1118805767
0,TXO20400S5,0000080000012900.00,1385787737,58415323035303047.35,-271981020
0,TXO20400S5,0000491000000000.02,308515072,0000000000000000.00,371011834
0,TXO20400S5,0000472000000000.02,118515072,0000000000000000.00,-1118815466
0,TXO20400S5,0000090000008400.00,658499869,58415323036353045.35,-271981020
0,TX421400E5,0000473000000000.06,-141484928,0000000000000000.00,1895084281
0,TX421400E5,0000443000000000.40,-171484928,0000000000000000.00,232386810
0,TX421400E5,0000428000000000.40,-341484928,0000505000000000.10,717574394
0,TX421400E5,0000414000000000.60,-481484928,0000515000000000.10,58704122
0,TX421400E5,0000351000000000.45,-1091484928,0000401000000000.01,-1672503044
0,TXO19900G5,0001700000000000.01,-576386816,0000000000000000.00,-1257430791
0,TXO23600U5,0000020000000300.00,-1454710423,58415323338303055.35,-271981020
0,TXO23600U5,0002650000000000.03,-296517632,0000000000000000.00,1237016825
0,TXO23600U5,0000020000000300.00,-1454717823,58415323338303052.35,-271981020
0,TXO23600U5,0002710000000000.01,933678592,0000000000000000.00,-841555718
0,TXO23600U5,0000010000000100.00,-1454714323,58415323337303052.35,-271981020
0,HSO00440R5,0000000000000000.00,-296517632,0000000000000000.00,508834042
0,TXO21000F5,0000905000000000.03,113547776,0000945000000000.01,1097588985
0,TX421250Q5,0000133000000000.21,1023482368,0000000000000000.00,-391425799
0,TX421250Q5,0000138000000000.22,1073482368,0000174000000000.01,-1465368326
0,TX421250Q5,0000167000000000.26,1363482368,0000179000000000.01,-1430310660
0,TX421250Q5,0000165000000000.04,1343482368,0000179000000000.01,-1811128068
0,TXO25000U5,0000030000001200.00,-727359955,58415323531303051.35,-271981020
0,TXO25000U5,0000020000001000.00,-727367955,58415323532303046.35,-271981020
0,TXO19600R5,0000120000000000.24,703482368,0000000000000000.00,405266681
0,TXO19600R5,0000119000000000.04,883482368,0000000000000000.00,1582776569
0,TXO19600R5,0000125000000000.24,943482368,0000000000000000.00,-1776873222
0,TXO19700R5,0000123000000000.24,923482368,0000000000000000.00,-1015238408
0,TXO19700R5,0000143000000000.27,613482368,0000000000000000.00,2033709307
0,TXO19700R5,0000139000000000.24,1083482368,0000000000000000.00,1652089083
0,TXO19700R5,0000148000000000.04,1173482368,0000000000000000.00,232386812
0,TXO21900F5,0000370000000000.24,-901484928,0000450000000000.01,-2019065607
0,TXO21900F5,0000361000000000.24,-991484928,0000402000000000.01,-9805575
0,TXO21900F5,0000370000000000.04,-901484928,0000386000000000.20,1375641849
0,TXO21900F5,0000319000000000.24,-1461484928,0000334000000000.20,-1188118277
0,TXO21900F5,0000315000000000.06,-1451484928,0000329000000000.20,-807300867
0,TXO21900F5,0000319000000000.06,-1411484928,0000330000000000.20,-287858435
0,TXO21600L5,0000040000004300.00,1385778837,58415323137303047.35,-271981020
0,TXO25400Q5,0000020000000200.00,-1454733223,58415323535303051.35,-271981020
0,TXO25400Q5,0000020000000200.00,-1454733623,58415323534303055.35,-271981020
0,TXO25400Q5,0003740000000000.01,2043744000,0000000000000000.00,1132646649
0,TXO25400Q5,0003770000000000.01,-2051223296,0000000000000000.00,-1568935685
0,TXO25400Q5,0000020000000200.00,-1454730623,58415323536303051.35,-271981020
0,TXO25400Q5,0000020000000200.00,-1454729723,58415323535303051.35,-271981020
0,TXO25400Q5,0000020000000200.00,-1454737423,58415323630303052.35,-271981020
0,TXO17900E5,0003580000000000.01,443744000,0000000000000000.00,1237016828
0,TXO23800X5,0003040000000000.01,-296517632,0000000000000000.00,-807300871
0,TXO23800X5,0003120000000000.01,738711296,0000000000000000.00,1167704314
0,TXO23800X5,0003150000000000.01,-296517632,0000000000000000.00,163074299
0,TXO21100R5,0000349000000000.04,-1111484928,0000000000000000.00,2032906488
0,TXO21100R5,0000359000000000.27,-1071484928,0000000000000000.00,-1534680839
0,TXO21100R5,0000387000000000.02,-741484928,0000515000000000.01,1063334139
0,TXO22250Q5,0000545000000000.04,808515072,0000630000000000.01,-633618183
0,TXO22250Q5,0000575000000000.05,1108515072,0000680000000000.01,1652089081
0,TXO22250Q5,0000665000000000.04,2008515072,0000000000000000.00,-1742618374
0,TXO22250Q5,0000645000000000.09,1808515072,0000705000000000.02,1617834235
0,TXO22250Q5,0000715000000000.06,-1786452224,0000000000000000.00,-1638248196
0,TXO17100R5,0000010000002000.00,11713,58415313733303053.35,-271981020
0,TXO17100R5,0000026000000000.20,-41517632,0000000000000000.00,2067964153
0,TXO18200S5,0000159000000000.02,1283482368,0000000000000000.00,786084090
0,TXO24300F5,0000009500000000.40,-226517632,0000000000000000.00,-1880440582
0,TXO24300F5,0000009000000000.40,-226517632,0000000000000000.00,-79118085
0,TXO24300F5,0000009100000000.40,-226517632,0000000000000000.00,-218545925
0,TXO24300F5,0000009000000000.40,-226517632,0000000000000000.00,-148430596
0,TXO24800G5,0000021500000000.20,-86517632,0000000000000000.00,-356368135
0,TXO24800G5,0000020500000000.20,-290517632,0000000000000000.00,1236204309
0,TXO24800G5,0000020000000000.20,-101517632,0000000000000000.00,821141754
0,TXO24800G5,0000020000000000.20,-101517632,0000000000000000.00,24449174
0,TXO24800G5,0000050000010000.00,2113059805,58415323438303051.35,-271981020
0,TXO24800G5,0000019500000000.20,-106517632,0000000000000000.00,1860026621
0,TXO24400U5,0000030000001400.00,-727358455,58415323436303049.35,-271981020
0,TXO24400U5,0003450000000000.01,-956256000,0000000000000000.00,-910868229
0,TXO17000U5,0000240000000000.01,2003482368,0000000000000000.00,-737185544
0,TXO17000U5,0000240000000000.01,2003482368,0000000000000000.00,2103021816
0,TEO11750Q5,0000007550000000.10,-223017632,0000000000000000.00,-357170948
0,TEO11750Q5,0000120000002800.00,-138330711,45415313232353045.35,-271981020
0,TXO22700G5,0000070000014500.00,-727165655,58415323238303058.35,-271981020
0,TXO22700G5,0000080000014700.00,-727166955,58415323330303049.35,-271981020
0,TXO22700G5,0000080000014700.00,-727169455,58415323238303047.35,-271981020
0,TXO22700G5,0000184000000000.22,803482368,0000000000000000.00,128006934
0,TXO22700G5,0000180000000000.20,1493482368,0000000000000000.00,24449275
0,TXO22700G5,0000175000000000.20,1443482368,0000000000000000.00,-1049502952
0,TXO17800X5,0000376000000000.02,-146517632,0000000000000000.00,-1880440583
0,CFO00350F5,0000002850000000.05,-269617632,0000000000000000.00,-1084550918
0,TXO18600X5,0000600000000000.04,-146517632,0000000000000000.00,-1291685639
0,TXO18600X5,0000363000000000.02,-146517632,0000000000000000.00,-875810567
0,TXO18600X5,0000715000000000.22,2008515072,0000000000000000.00,1929339130
0,TXO18600X5,0000050000004200.00,-1454525023,58415313839303045.35,-271981020
0,TXO18600X5,0000735000000000.02,-1586452224,0000000000000000.00,1963593980
0,TXO18600X5,0000050000004300.00,-1454537323,58415313837303053.35,-271981020
0,TXO22300S5,0001270000000000.01,-146517632,0000000000000000.00,1166901497
0,TXO22300S5,0001310000000000.01,-146517632,0000000000000000.00,-1811128071
0,TXO22300S5,0001350000000000.03,-146517632,0000000000000000.00,543891706
0,TXO22300S5,0000030000001400.00,-727356555,58415323234303053.35,-271981020
0,TXO22300S5,0001400000000000.01,-146517632,0000000000000000.00,-1811930883
0,TXO22300S5,0000020000001200.00,-727357455,58415323234303053.35,-271981020
0,TXO24600U5,0003470000000000.01,-56256000,0000000000000000.00,-1603993351
0,TXO24600U5,0000030000001300.00,-727353655,58415323437303051.35,-271981020
0,TXO24600U5,0000030000001300.00,-727364955,58415323437303046.35,-271981020
0,TXO20200R5,0000179000000000.20,1483482368,0000000000000000.00,994021624
0,TX423400E5,0000002200000000.20,-275517632,0000041000000000.01,24449276
0,TXO23200Q5,0001490000000000.01,918580480,0000000000000000.00,717574393
0,TXO23200Q5,0001520000000000.01,1918580480,0000000000000000.00,647459066
0,TXO23200Q5,0000080000004200.00,-1454733123,58415323333303052.35,-271981020
0,TXO23200Q5,0000080000004200.00,-1454724823,58415323333303052.35,-271981020
0,TXO21400I5,0000030000002600.00,-727354455,58415323136303047.35,-271981020
0,TXO21400I5,0000040000003600.00,-1454626723,584153231363030412.35,-271981020
0,TXO21400I5,0000905000000000.20,113547776,0000000000000000.00,786084089
0,TXO21400I5,0000865000000000.20,-286452224,0000000000000000.00,-875810565
0,TXO21400I5,0000850000000000.20,-486452224,0000000000000000.00,1132646652
0,TXO21400I5,0000060000006600.00,2113154505,58415323136303053.35,-271981020
0,TXO21400I5,0000060000006600.00,-1454458623,584153231363030412.35,-271981020
0,TX422000Q5,0000441000000000.20,-281484928,0000000000000000.00,-1533878023
0,TX422000Q5,0000476000000000.20,138515072,0000000000000000.00,1098391802
0,TX422000Q5,0000464000000000.06,-201484928,0000000000000000.00,-391425797
0,TX422000Q5,0000431000000000.01,-491484928,0000600000000000.05,-772243203
0,TXO25200F5,0000070000014700.00,-1454051223,58415323533303046.35,-271981020
0,TXO25200F5,0000070000014700.00,2113563505,58415323533303046.35,-271981020
0,TXO25200F5,0000070000014700.00,2113570805,58415323532303052.35,-271981020
0,TXO25200F5,0000002800000000.44,-287517632,0000000000000000.00,474569496
0,TXO25200F5,0000002800000000.44,-287517632,0000000000000000.00,-217743108
0,TXO26100Q5,0004430000000000.01,353809408,0000000000000000.00,-1776873323
0,TXO26100Q5,0000020000000200.00,-727361855,58415323632303051.35,-271981020
0,DXO01150F5,0000002970000000.06,-296517632,0000000000000000.00,-668675846
0,DXO01150F5,0000002680000000.06,-296517632,0000000000000000.00,1963593979
0,TX420900Q5,0000083000000000.02,523482368,0000090000000000.01,-2019065607
0,TX420900Q5,0000082000000000.22,513482368,0000092000000000.01,-217743111
0,TX420900Q5,0000091000000000.24,603482368,0000116000000000.01,855396602
0,TEO11700R5,0000030750000000.06,-296517632,0000000000000000.00,24449272
0,TXO23000X5,0000030000001500.00,-727369955,58415323331303052.35,-271981020
0,TXO23000X5,0000030000001500.00,-727357755,58415323332303051.35,-271981020
0,TXO25100G5,0000050000006700.00,-1454549723,58415323533303051.35,-271981020
0,TXO22400X5,0000030000001100.00,-1454728623,584153232363030412.35,-271981020
0,TXO22400X5,0000030000001100.00,-1454727923,58415323235303053.35,-271981020
0,TXO22800X5,0002320000000000.01,1328645888,0000000000000000.00,-1846185736
0,TXO22800X5,0000030000001300.00,-727365255,58415323330303049.35,-271981020
0,TXO22800X5,0000030000001300.00,-727362055,58415323239303053.35,-271981020
0,TX421400Q5,0000157000000000.23,1263482368,0000259000000000.02,-702930696
0,TX421400Q5,0000157000000000.03,1263482368,0000259000000000.02,578949368
0,TX421400Q5,0000167000000000.05,1363482368,0000251000000000.10,-1741815559
0,TX421400Q5,0000174000000000.24,1433482368,0000183000000000.20,1305526521
0,TX421400Q5,0000175000000000.02,1443482368,0000190000000000.01,-1915498247
0,TX421400Q5,0000166000000000.02,1353482368,0000175000000000.20,2033709305
0,TX421400Q5,0000180000000000.27,1493482368,0000206000000000.01,-460738310
0,TX421400Q5,0000175000000000.22,1443482368,0000206000000000.01,1513464058
0,TX421400Q5,0000206000000000.24,1753482368,0000255000000000.01,-217743109
0,TX421400Q5,0000199000000000.05,1683482368,0000254000000000.01,821141755
0,NYO01800R5,0000003890000000.06,-259217632,0000000000000000.00,1894281465
0,NYO01800R5,0000004000000000.06,-257217632,0000000000000000.00,509636858
0,TX423300Q5,0000040000003200.00,-1454736423,58415313531303045.35,-271981020
0,TX423300Q5,0000040000003200.00,-1454733223,58415313636303058.35,-271981020
0,TFO02080Q5,0000005400000000.01,-296517632,0000000000000000.00,751829240
0,CSO00220F5,0000002000000000.05,-277217632,0000000000000000.00,-910868230
0,TXO22000S5,0000030000001300.00,2112868405,584153232343030412.35,-271981020
0,TXO22000S5,0001080000000000.03,-146517632,0000000000000000.00,-79920903
0,TXO22000S5,0001170000000000.10,-1581419520,0000000000000000.00,924709114
0,TXO20000S5,0000377000000000.02,-831484928,0000000000000000.00,474579194
0,TXO20000S5,0000393000000000.22,-931484928,0000000000000000.00,-1084550918
0,TXO20000S5,0000381000000000.02,-791484928,0000000000000000.00,-1707560710
0,TXO21750E5,0000111000000000.01,803482368,0000116000000000.04,1132646648
0,TXO21750E5,0000083000000000.08,523482368,0000088000000000.12,-1083748103
0,TXO21750E5,0000071000000000.14,403482368,0000076000000000.20,-1742618375
0,TXO21750E5,0000060000000000.34,293482368,0000068000000000.03,-1118805767
0,TXO21750E5,0000054000000000.35,233482368,0000059000000000.66,24449273
0,TXO21750E5,0000035000000000.10,48482368,0000037500000000.20,232386810
0,TXO21750E5,0000034000000000.13,38482368,0000036500000000.28,-1014435590
0,TXO21750E5,0000033000000000.01,28482368,0000035500000000.25,-1083748102
0,TXO21750E5,0000032000000000.06,18482368,0000034500000000.31,1097588986
0,TXO21750E5,0000036000000000.24,58482368,0000039000000000.41,890454266
0,TXO21750E5,0000036000000000.25,58482368,0000039500000000.20,-1534680838
0,TXO21750E5,0000038000000000.19,78482368,0000041000000000.01,-1742618374
0,TXO21750E5,0000024000000000.08,-61517632,0000027000000000.04,1098391803
0,TXO21750E5,0000025000000000.04,-51517632,0000027500000000.08,370209019
0,TXO21750E5,0000029000000000.19,-11517632,0000032000000000.20,924709115
0,TXO21750E5,0000028500000000.20,-16517632,0000031000000000.21,1167704316
0,TXO21750E5,0000019000000000.01,-111517632,0000021500000000.12,-322113284
0,TXO21750E5,0000017500000000.17,-126517632,0000020000000000.32,-1603993348
0,TXO21750E5,0000016000000000.14,-141517632,0000018500000000.10,2033709308
0,TXO21750E5,0000016500000000.16,-136517632,0000019000000000.07,-218545924
0,TXO21750E5,0000021000000000.01,-91517632,0000023500000000.22,-1153060611
0,TXO21750E5,0000020000000000.10,-101517632,0000022500000000.39,-1153863427
0,CSO00235Q5,0000000000000000.00,4113,53415303032343045.35,-271981020
0,CSO00235Q5,0000000100000000.05,-296517632,0000000000000000.00,1895084283
0,TXO23100R5,0000030000003100.00,2112869805,58415323334303052.35,-271981020
0,TXO23100R5,0001580000000000.02,103482368,0000000000000000.00,2032906489
0,TXO23100R5,0001600000000000.01,103482368,0000000000000000.00,1236214009
0,TXO23100R5,0001640000000000.01,-1176386816,0000000000000000.00,2137276666
0,TXO23100R5,0000040000003300.00,2112881405,58415323332303051.35,-271981020
0,TXO23100R5,0000040000003300.00,-1454720323,58415323332303055.35,-271981020
0,TXO23100R5,0001660000000000.01,-976386816,0000000000000000.00,-1672503043
0,TXO23100R5,0001680000000000.01,-776386816,0000000000000000.00,1479209213
0,TXO24400X5,0000010000000100.00,-727354255,58415323435303053.35,-271981020
0,TXO24400X5,0000020000000300.00,-727355155,58415323435303051.35,-271981020
0,TX422350E5,0000053000000000.04,223482368,0000000000000000.00,-945925896
0,TX422350E5,0000035000000000.26,48482368,0000076000000000.01,-1672503046
0,TXO23200E5,0000000100000000.16,-296517632,0000031000000000.80,-357170952
0,NYO01650F5,0000016100000000.06,-137517632,0000000000000000.00,1721401597
0,TXO20600X5,0000935000000000.02,-146517632,0000000000000000.00,-1118805767
0,TXO20600X5,0000930000000000.02,-146517632,0000000000000000.00,1582776569
0,TXO20600X5,0001290000000000.10,-381419520,0000000000000000.00,1721401593
0,TX421450Q5,0000192000000000.02,1613482368,0000201000000000.01,405266681
0,TX421450Q5,0000213000000000.09,1823482368,0000221000000000.20,994021626
0,TX421450Q5,0000192000000000.20,1613482368,0000279000000000.01,855396602
0,TX421450Q5,0000215000000000.22,1843482368,0000257000000000.01,1444954363
0,TX421450Q5,0000227000000000.04,1963482368,0000234000000000.40,-1881243396
0,TX421450Q5,0000228000000000.24,1973482368,0000330000000000.08,1479209212
0,TX421450Q5,0000229000000000.09,1983482368,0000330000000000.08,301699324
0,TX421450Q5,0000230000000000.26,1993482368,0000330000000000.08,-1291685636
0,TX421450Q5,0000224000000000.04,1933482368,0000326000000000.01,163074301
0,TXO21400L5,0000015000000000.10,-296517632,0000000000000000.00,1305526521
0,TXO21400L5,0001160000000000.20,-1681419520,0000000000000000.00,1860026620
0,TXO21500R5,0000560000000000.23,958515072,0000645000000000.11,-1118805763
0,TXO21800F5,0000030000005100.00,2112861805,58415323331303046.35,-271981020
0,TXO21800F5,0000397000000000.24,-641484928,0000415000000000.20,-1257430791
0,TXO21800F5,0000393000000000.24,-711484928,0000410000000000.20,1306329338
0,TXO21800F5,0000349000000000.10,-1111484928,0000360000000000.01,-2054123268
0,TXO15200E5,0006440000000000.01,-621027072,0000000000000000.00,1479209209
0,TXO23200G5,0000050000007600.00,-727165955,58415323332303052.35,-271981020
0,TXO23200G5,0000103000000000.02,723482368,0000000000000000.00,647459067
0,TXO23200G5,0000102000000000.02,713482368,0000000000000000.00,-1811930885
0,TXO21150E5,0000580000000000.05,1158515072,0000630000000000.40,-841555720
0,TXO21150E5,0000520000000000.04,558515072,0000000000000000.00,-737185543
0,TXO21150E5,0000500000000000.10,378515072,0000000000000000.00,-218545927
0,TXO21150E5,0000525000000000.10,608515072,0000585000000000.40,751829241
0,TXO21150E5,0000482000000000.01,218515072,0000000000000000.00,-1015238407
0,TXO21150E5,0000494000000000.01,338515072,0000590000000000.09,-1049493255
0,TXO21150E5,0000494000000000.02,338515072,0000580000000000.09,335954169
0,TXO21150E5,0000480000000000.03,108515072,0000000000000000.00,-44863238
0,TXO21150E5,0000384000000000.21,-771484928,0000600000000000.50,-1603200232
0,TXO21150E5,0000387000000000.21,-781484928,0000000000000000.00,648261884
0,TXO21150E5,0000376000000000.06,-841484928,0000471000000000.05,-2123435780
0,TXO21150E5,0000374000000000.20,-861484928,0000000000000000.00,-183488260
0,TXO21150E5,0000376000000000.01,-841484928,0000000000000000.00,1097588988
0,TXO21150E5,0000401000000000.01,-591484928,0000000000000000.00,-1742618471
0,TXO21150E5,0000397000000000.20,-631484928,0000000000000000.00,1029079293
0,TXO21150E5,0000408000000000.01,-521484928,0000000000000000.00,-1291685635
0,TXO25200L5,0000017000000000.02,-131517632,0000000000000000.00,-1534680840
0,TXO23200I5,0000116000000000.50,-146517632,0000000000000000.00,-1257430792
0,TXO23200I5,0000050000010900.00,-727356555,58415323332303052.35,-271981020
0,TXO23200I5,0000050000010900.00,-727348555,58415323332303051.35,-271981020
0,OBO00350Q5,0000004820000000.06,-248717632,0000000000000000.00,1756459259
0,TX421450E5,0000456000000000.01,-721484928,0000000000000000.00,1479209208
0,TX421450E5,0000410000000000.40,-501484928,0000730000000000.07,1895084281
0,TX421450E5,0000369000000000.40,-911484928,0000477000000000.01,300896506
0,TX421450E5,0000322000000000.01,-1391484928,0000380000000000.01,-287858436
0,TX421450E5,0000314000000000.20,-1461484928,0000465000000000.01,-148430596
0,TXO20800S5,0000575000000000.22,1108515072,0000000000000000.00,-1360998151
0,TXO20800S5,0000595000000000.42,1308515072,0000000000000000.00,-1153863430
0,TXO20800S5,0000635000000000.02,1708515072,0000000000000000.00,-530050820
0,NYO02000R5,0000018400000000.06,-116517632,0000000000000000.00,1617834233
0,TXO25600L5,0000127000000000.20,-241517632,0000000000000000.00,1167704314
0,TXO22800Q5,0000180000005200.00,1385499437,58415323632303049.35,-271981020
0,TXO22800Q5,0001150000000000.02,-1781419520,0000000000000000.00,-1153060614
0,TXO22800Q5,0001260000000000.01,-681419520,0000000000000000.00,-287858436
0,TXO20600F5,0001210000000000.01,-1181419520,0000000000000000.00,1895084281
0,TXO20600F5,0001220000000000.01,103482368,0000000000000000.00,-910868231
0,TXO20600F5,0001060000000000.01,-386452224,0000000000000000.00,1652089082
0,TXO21150Q5,0000011500000000.18,-186517632,0000014500000000.08,-702930695
0,TXO21150Q5,0000011500000000.05,-186517632,0000014500000000.08,-79118087
0,TXO21150Q5,0000011500000000.03,-186517632,0000014000000000.08,-287055622
0,TXO21150Q5,0000019500000000.16,-106517632,0000022000000000.05,371011835
0,TXO21150Q5,0000017000000000.02,-131517632,0000019500000000.09,-356368132
0,TXO21150Q5,0000017500000000.02,-126517632,0000022500000000.22,-1499623172
0,TXO22500F5,0000100000010400.00,-727361955,5834323137353045.35,-271981020
0,TXO22500F5,0000170000011400.00,-1454729923,58415323231303046.35,-271981020
0,TXO22500F5,0000148000000000.20,1173482368,0000165000000000.06,-425680646
0,TXO22500F5,0000136000000000.02,1053482368,0000168000000000.02,1687146747
0,TEO11400F5,0000053500000000.05,233482368,0000000000000000.00,-460748010
0,TXO21650Q5,0000130000045100.00,658202969,58415323132353051.35,-271981020
0,TXO21650Q5,0000170000045600.00,1316377225,58415323038353051.35,-271981020
0,TXO21650Q5,0000070000000000.18,393482368,0000075000000000.44,1756459256
0,TXO21650Q5,0000075000000000.26,443482368,0000080000000000.06,-945925896
0,TXO21650Q5,0000077000000000.18,463482368,0000082000000000.20,2067964152
0,TXO21650Q5,0000086000000000.19,553482368,0000092000000000.14,-218545927
0,TXO21650Q5,0000106000000000.26,753482368,0000112000000000.22,751829241
0,TXO21650Q5,0000102000000000.21,713482368,0000108000000000.38,-2054123271
0,TXO21650Q5,0000103000000000.21,723482368,0000109000000000.16,1201959161
0,TXO21650Q5,0000096000000000.23,653482368,0000102000000000.14,509636857
0,TXO21650Q5,0000109000000000.01,783482368,0000114000000000.48,1305526521
0,TXO21650Q5,0000108000000000.17,773482368,0000115000000000.60,2032906490
0,TXO21650Q5,0000138000000000.12,1073482368,0000144000000000.20,-910868230
0,TXO21650Q5,0000137000000000.03,1063482368,0000142000000000.48,682516730
0,TXO21650Q5,0000131000000000.03,1003482368,0000136000000000.04,-1638248198
0,TXO21650Q5,0000142000000000.01,1113482368,0000148000000000.41,-426483462
0,TXO21650Q5,0000118000000000.02,873482368,0000123000000000.29,-1430310662
0,TXO21650Q5,0000116000000000.03,853482368,0000121000000000.07,-356368134
0,TXO21650Q5,0000109000000000.04,783482368,0000114000000000.31,924709114
0,TXO21650Q5,0000106000000000.27,753482368,0000112000000000.66,128016634
0,TXO21650Q5,0000120000000000.18,893482368,0000145000000000.01,-1742618374
0,TXO21650Q5,0000142000000000.01,1113482368,0000147000000000.24,128016635
0,TXO21650Q5,0000150000000000.07,1193482368,0000156000000000.08,93761787
0,TXO21650Q5,0000158000000000.03,1273482368,0000164000000000.26,-806498053
0,TXO21650Q5,0000153000000000.02,1223482368,0000158000000000.09,-841555717
0,TXO21650Q5,0000164000000000.06,1333482368,0000171000000000.21,-737988356
0,TXO21650Q5,0000172000000000.02,1413482368,0000179000000000.01,-530050820
0,TXO21650Q5,0000174000000000.03,1433482368,0000185000000000.01,1201959164
0,TXO21650Q5,0000164000000000.02,1333482368,0000169000000000.03,-841555716
0,TXO21650Q5,0000168000000000.02,1373482368,0000174000000000.03,994021628
0,TXO21650Q5,0000152000000000.03,1213482368,0000158000000000.24,-357170948
0,TXO21650Q5,0000158000000000.02,1273482368,0000164000000000.04,-1984810755
0,TXO21650Q5,0000153000000000.06,1223482368,0000159000000000.43,-356368131
0,TXO21650Q5,0000144000000000.02,1133482368,0000149000000000.44,-910868227
0,TXO21650Q5,0000152000000000.02,1213482368,0000157000000000.02,1825771773
0,TXO22400L5,0000450000000000.02,-146517632,0000000000000000.00,1790714104
0,TXO22400L5,0000437000000000.02,-146517632,0000000000000000.00,-1534680839
0,TXO22400L5,0000735000000000.20,-1586452224,0000000000000000.00,-217743109
0,TXO22400L5,0000730000000000.20,-1636452224,0000000000000000.00,-910868227
0,TXO22400L5,0000040000004300.00,1385790337,58415323234303055.35,-271981020
0,TXO22400L5,0000040000004300.00,1385779537,58415323234353051.35,-271981020
0,TXO22700Q5,0000945000000000.07,-236452224,0001230000000000.01,-875810568
0,TXO22700Q5,0000950000000000.01,563547776,0000000000000000.00,-1083748104
0,TXO22700Q5,0000985000000000.01,913547776,0000000000000000.00,-1188118279
0,HSO00420Q5,0000000090000000.05,-295817632,0000000000000000.00,-2123435782
0,OBO00270E5,0000002920000000.05,-267417632,0000000000000000.00,1236213909
0,OBO00270E5,0000002940000000.06,-267217632,0000000000000000.00,1132646654
0,OBO00270E5,0000002930000000.06,-267317632,0000000000000000.00,786093994
0,TXO21800G5,0000500000000000.22,358515072,0000000000000000.00,1237016825
0,TXO21800G5,0000492000000000.20,318515072,0000000000000000.00,-1949753095
0,TXO21800G5,0000483000000000.20,228515072,0000000000000000.00,-1846185735
0,TXO21800G5,0000482000000000.20,218515072,0000000000000000.00,-183488263
0,TXO21800G5,0000491000000000.20,268515072,0000000000000000.00,-252800774
0,TXO21800G5,0000462000000000.20,18515072,0000000000000000.00,-668675846
0,TXO21800G5,0000465000000000.22,8515072,0000000000000000.00,1687146747
0,TXO21800G5,0000439000000000.22,-231484928,0000464000000000.10,-2054123268
0,TXO21800G5,0000436000000000.22,-271484928,0000000000000000.00,1860026620
0,TXO21800G5,0000438000000000.20,-261484928,0000000000000000.00,-876613380
0,TXO21300S5,0000660000000000.02,-146517632,0000000000000000.00,1790714104
0,TXO21300S5,0000050000004400.00,2113152505,58415323134303049.35,-271981020
0,TXO21300S5,0000050000004400.00,2113156605,58415323136303047.35,-271981020
0,TXO21300S5,0000090000007400.00,-68770299,58415323134303058.35,-271981020
0,TXO21300S5,0000820000000000.20,-736452224,0000000000000000.00,-945123077
0,TXO21300S5,0000810000000000.32,-836452224,0000000000000000.00,-1603190533
0,TXO17800U5,0000145000000000.02,1143482368,0000000000000000.00,-1049493256
0,TXO17800U5,0000338000000000.22,1513482368,0000000000000000.00,-1465368325
0,DQO00150Q5,0000001000000000.06,-286917632,0000000000000000.00,-494993156
0,NYO01800F5,0000005050000000.06,-247417632,0000000000000000.00,855396602
0,TXO19400Q5,0000000300000000.20,-294517632,0000031000000000.18,-807300870
0,TXO21550E5,0000100000081700.00,10913,58415323237303045.35,-271981020
0,TXO21550E5,0000160000093400.00,-727363655,5834323231303045.35,-271981020
0,TXO21550E5,0000160000093400.00,-1454729723,5834323133303051.35,-271981020
0,TXO21550E5,0000120000000000.10,893482368,0000149000000000.05,-1673305862
0,TXO21550E5,0000137000000000.05,1063482368,0000143000000000.25,1097588987
0,TXO21550E5,0000110000000000.01,793482368,0000115000000000.26,-44863237
0,TXO21550E5,0000100000000000.06,693482368,0000106000000000.01,543891707
0,TXO21550E5,0000101000000000.12,703482368,0000106000000000.30,-875810665
0,TXO21550E5,0000106000000000.06,753482368,0000111000000000.18,-1083748101
0,TXO21550E5,0000086000000000.14,553482368,0000091000000000.25,-1153060612
0,TXO21550E5,0000086000000000.06,553482368,0000093000000000.05,1444954364
0,TXO21550E5,0000073000000000.15,423482368,0000078000000000.64,2102218904
0,TXO21550E5,0000073000000000.10,423482368,0000078000000000.24,-1534680836
0,TXO21550E5,0000074000000000.14,433482368,0000079000000000.38,-1257430788
0,TXO21550E5,0000083000000000.13,523482368,0000088000000000.06,1825771773
0,TXO21550E5,0000088000000000.04,573482368,0000093000000000.93,-737988355
0,TXO23400X5,0002760000000000.03,-296517632,0000000000000000.00,-1499623175
0,TXO26600Q5,0004840000000000.01,558842112,0000000000000000.00,-1638248200
0,TXO26600Q5,0004910000000000.01,1358842112,0000000000000000.00,93761785
0,TXO26600Q5,0005070000000000.01,-2036125184,0000000000000000.00,439521532
0,TXO20850Q5,0000003300000000.05,-264517632,0000020000000000.04,-945123080
0,TXO20850Q5,0000006000000000.01,-237517632,0000022000000000.05,-148430599
0,TXO20850Q5,0000005100000000.20,-246517632,0000006700000000.05,-1811128069
0,TXO20850Q5,0000005500000000.01,-242517632,0000007900000000.05,232386812
0,TXO20850Q5,0000004400000000.25,-261517632,0000005500000000.05,335954172
0,OJO00220R5,0000000450000000.17,-292117632,0000000000000000.00,-1741815554
0,TX421000Q5,0000140000012300.00,-1454726723,58415323130303052.35,-271981020
0,TX421000Q5,0000106000000000.01,753482368,0000125000000000.14,58704122
0,TX421000Q5,0000107000000000.26,763482368,0000130000000000.02,1895084282
0,TX421000Q5,0000095000000000.22,643482368,0000130000000000.02,1964396794
0,TX421000Q5,0000114000000000.41,833482368,0000125000000000.14,-1949753092
0,TX421000Q5,0000112000000000.41,813482368,0000150000000000.03,1479209212
0,TX421000Q5,0000106000000000.29,753482368,0000135000000000.08,-1396055811
0,TXO22250E5,0000280000043300.00,658159369,58415323036303051.35,-271981020
0,TXO22250E5,0000004300000000.25,-255517632,0000017000000000.01,-564305672
0,TXO22250E5,0000003600000000.02,-261517632,0000005500000000.01,578146552
0,TXO22250E5,0000001000000000.01,-287517632,0000002200000000.01,-217743110
0,TXO22250E5,0000000700000000.05,-290517632,0000001400000000.01,1409896700
0,TXO22250E5,0000000500000000.26,-294517632,0000001400000000.01,1444151548
0,TXO21400R5,0000469000000000.03,88515072,0000484000000000.20,-217743111
0,TXO21400R5,0000471000000000.03,108515072,0000487000000000.20,-1881243399
0,TXO21400R5,0000470000000000.01,68515072,0000483000000000.20,-1153863431
0,TXO21400R5,0000489000000000.07,278515072,0000505000000000.41,1063334138
0,TXO21400R5,0000505000000000.47,388515072,0000690000000000.01,-79920901
0,TXO21400R5,0000530000000000.10,658515072,0000600000000000.15,613204220
0,TXO21400R5,0000505000000000.50,388515072,0000690000000000.01,1409896701
0,TXO21200Q5,0000100000063300.00,1316295125,58415323135303045.35,-271981020
0,TXO21200Q5,0000011000000000.25,-191517632,0000013500000000.01,-1811128072
0,TXO21200Q5,0000012500000000.09,-176517632,0000015000000000.02,1167704312
0,TXO21200Q5,0000017500000000.32,-126517632,0000020000000000.26,1201959161
0,TXO21200Q5,0000015000000000.30,-151517632,0000018000000000.09,-945925895
0,TXO21200Q5,0000019000000000.12,-111517632,0000022000000000.02,855396602
0,TXO21200Q5,0000017500000000.16,-126517632,0000020000000000.35,821141754
0,TXO21200Q5,0000013500000000.19,-166517632,0000016500000000.06,-322113286
0,TXO21200Q5,0000021500000000.07,-86517632,0000024000000000.23,-1499623173
0,TXO21200Q5,0000021500000000.10,-86517632,0000024000000000.10,1895084283
0,TXO21200Q5,0000021500000000.09,-86517632,0000024000000000.25,1201959164
0,TXO21200Q5,0000022500000000.09,-76517632,0000026000000000.01,-1638248196
0,TXO21200Q5,0000020500000000.28,-96517632,0000023000000000.07,301699224
0,TXO21200Q5,0000019500000000.06,-106517632,0000022000000000.27,-1534680836
0,TXO21200Q5,0000018500000000.01,-116517632,0000021000000000.28,405266684
0,TXO21200Q5,0000015500000000.09,-146517632,0000018000000000.07,1306329341
0,TXO20600I5,0000015000000000.10,-296517632,0000000000000000.00,1895084280
0,TXO20600I5,0001320000000000.12,-781419520,0000000000000000.00,613204218
0,TXO20600I5,0001310000000000.02,-181419520,0000000000000000.00,1444151547
0,TXO20600I5,0000040000002500.00,-1454631823,58415323036353045.35,-271981020
0,TXO20600I5,0001310000000000.30,-181419520,0000000000000000.00,1166901501
0,TXO21100G5,0000060000005500.00,658607269,58415323133303053.35,-271981020
0,TXO21100G5,0000850000000000.40,-436452224,0000000000000000.00,1236214010
0,TXO21100G5,0000080000006600.00,-1523406135,584153231363030412.35,-271981020
0,TXO21100G5,0000810000000000.30,-836452224,0000000000000000.00,1895084282
0,TXO21100G5,0000810000000000.32,-886452224,0000000000000000.00,-322113286
0,TXO21100G5,0000780000000000.20,-1136452224,0000000000000000.00,-530050920
0,TXO21100G5,0000090000006900.00,-1523421135,58415323133303053.35,-271981020
0,TXO21100G5,0000090000006900.00,-796059167,584153231323030412.35,-271981020
0,TXO20100E5,0001650000000000.04,-1076386816,0000000000000000.00,-1326743304
0,TXO20100E5,0001500000000000.06,1718580480,0000000000000000.00,-1811128069
0,TXO20100E5,0001410000000000.04,818580480,0000000000000000.00,-806498052
0,TXO21200U5,0001150000000000.12,113547776,0000000000000000.00,-2123435783
0,TXO21200U5,0001190000000000.32,113547776,0000000000000000.00,-1291685638
0,TXO21200U5,0001190000000000.32,113547776,0000000000000000.00,1790714106
0,TXO21200U5,0000050000004300.00,1385783937,58415323134303049.35,-271981020
0,TXO21200U5,0000050000004400.00,1385788937,58415323134303058.35,-271981020
0,TXO21200U5,0000050000004400.00,1385783937,58415323134303049.35,-271981020
0,TXO21050E5,0000620000000000.04,1558515072,0000000000000000.00,-218545927
0,TXO21050E5,0000605000000000.01,1408515072,0000695000000000.01,-217743111
0,TXO21050E5,0000615000000000.05,1508515072,0000695000000000.01,578949369
0,TXO21050E5,0000560000000000.05,958515072,0000800000000000.06,1132646650
0,TXO21050E5,0000585000000000.05,1208515072,0000800000000000.06,994021626
0,TXO21050E5,0000555000000000.10,908515072,0000000000000000.00,647449367
0,TXO21050E5,0000463000000000.07,-121484928,0000000000000000.00,-1742618372
0,TXO21050E5,0000496000000000.20,358515072,0000605000000000.03,-1360998147
0,TXO21050E5,0000486000000000.21,238515072,0000600000000000.03,1998651645
0,TEO11800R5,0000035500000000.05,55982368,0000000000000000.00,266641657
0,TEO11800R5,0000041000000000.05,110982368,0000000000000000.00,128016637
0,TXO22400U5,0000040000002500.00,-1454724823,58415323236303049.35,-271981020
0,TXO24000R5,0002540000000000.01,-866321408,0000000000000000.00,-356368133
0,TXO20750E5,0000965000000000.01,613547776,0000000000000000.00,-1084550920
0,TXO20750E5,0000955000000000.04,613547776,0000000000000000.00,924709113
0,TXO20750E5,0000910000000000.05,163547776,0000000000000000.00,647459065
0,TXO20750E5,0000895000000000.04,13547776,0000000000000000.00,751829241
0,TXO20750E5,0000875000000000.04,-186452224,0000000000000000.00,1756459257
0,TXO20750E5,0000890000000000.04,-86452224,0000000000000000.00,-737185542
0,TXO20750E5,0000820000000000.04,-736452224,0000000000000000.00,1167704314
0,TXO20750E5,0000830000000000.04,-686452224,0000000000000000.00,1548521722
0,TXO20750E5,0000870000000000.05,-236452224,0000000000000000.00,58704122
0,TXO20750E5,0000855000000000.04,-386452224,0000000000000000.00,-494993158
0,TXO20750E5,0000210000034900.00,-69197199,584153230383030412.35,-271981020
0,TXO20750E5,0000760000000000.03,-1336452224,0000820000000000.01,-1603190532
0,TXO20750E5,0000760000000000.08,-1336452224,0000000000000000.00,1548521724
0,TXO20750E5,0000785000000000.02,-1086452224,0000000000000000.00,1340584188
0,TXO20750E5,0000210000034900.00,-69200999,58415323038353045.35,-271981020
0,TXO20750E5,0000780000000000.08,-1136452224,0000000000000000.00,-1118805763
0,TXO21900E5,0000220000084400.00,-1003979303,58415323137303051.35,-271981020
0,TXO21900E5,0000044500000000.06,143482368,0000047000000000.01,1929339128
0,TXO21900E5,0000047000000000.29,168482368,0000050000000000.23,-1083748104
0,TXO21900E5,0000049000000000.13,188482368,0000056000000000.02,-737988360
0,TXO21900E5,0000041000000000.04,108482368,0000043500000000.07,1963593976
0,TXO21900E5,0000041000000000.07,108482368,0000043500000000.08,-945123080
0,TXO21900E5,0000040500000000.07,103482368,0000043500000000.08,1305526520
0,TXO21900E5,0000040500000000.10,103482368,0000043500000000.08,-599363336
0,TXO21900E5,0000041000000000.12,108482368,0000044000000000.28,-1326752704
0,TXO21900E5,0000041000000000.01,108482368,0000043500000000.08,-910868232
0,TXO21900E5,0000039000000000.25,88482368,0000041500000000.10,-322113288
0,TXO21900E5,0000032500000000.14,23482368,0000035000000000.04,821141753
0,TXO21900E5,0000022500000000.02,-76517632,0000025000000000.34,-910868231
0,TXO21900E5,0000023000000000.02,-71517632,0000025500000000.51,1548521721
0,TXO21900E5,0000021000000000.01,-91517632,0000023500000000.48,-1603190535
0,TXO21900E5,0000020000000000.41,-101517632,0000023000000000.48,1479209209
0,TXO21900E5,0000010500000000.02,-196517632,0000013000000000.33,-1465368326
0,TXO21900E5,0000010500000000.21,-196517632,0000013000000000.13,-1084550918
0,TXO21900E5,0000010500000000.46,-196517632,0000013000000000.13,-876613382
0,TXO21900E5,0000011000000000.21,-191517632,0000013500000000.16,994021626
0,TXO21900E5,0000015000000000.22,-151517632,0000017500000000.02,717574394
0,TXO21900E5,0000012500000000.02,-176517632,0000015000000000.12,-841555718
0,TXO21900E5,0000008500000000.04,-212517632,0000009200000000.02,-668675845
0,TXO21900E5,0000007500000000.01,-222517632,0000009400000000.03,508834043
0,TXO21900E5,0000009500000000.01,-202517632,0000011500000000.20,578949371
0,TXO21900E5,0000008200000000.28,-215517632,0000009100000000.01,1687146748
0,TXO21900E5,0000005600000000.06,-241517632,0000006300000000.01,1582776572
0,TXO21900E5,0000005900000000.07,-238517632,0000006500000000.04,994021628
0,TXO24100Q5,0002380000000000.01,1828645888,0000000000000000.00,-702930695
0,TXO24100Q5,0002420000000000.01,1728645888,0000000000000000.00,266641657
0,TXO24100Q5,0000020000000200.00,-1454739923,58415323433303047.35,-271981020
0,TXO24100Q5,0000020000000200.00,-1454732623,58415323432303051.35,-271981020
0,TXO21300R5,0000427000000000.01,-331484928,0000438000000000.20,2102219001
0,TXO21300R5,0000427000000000.01,-331484928,0000443000000000.20,1306329337
0,TXO21300R5,0000455000000000.27,-61484928,0000470000000000.01,-1464565510
0,TXO21300R5,0000454000000000.03,-61484928,0000470000000000.20,-79118086
0,TXO21300R5,0000469000000000.01,88515072,0000480000000000.20,-1049493253
0,TXO21300R5,0000466000000000.02,58515072,0000483000000000.20,-1811128068
0,TXO21300R5,0000488000000000.08,278515072,0000505000000000.20,163074300
0,TXO21300R5,0000475000000000.04,148515072,0000490000000000.20,613204221
0,TXO21300R5,0000470000000000.04,98515072,0000485000000000.20,474579197
0,TXO24400R5,0000020000000600.00,-1454736723,58415323434303058.35,-271981020
0,TXO24400R5,0000020000000600.00,-727355855,58415323435303051.35,-271981020
0,TXO24400R5,0002870000000000.01,1833678592,0000000000000000.00,-287055622
0,TXO24400R5,0000030000000700.00,-727365455,58415323435303047.35,-271981020
0,TEO12000F5,0000018800000000.05,-109017632,0000000000000000.00,1166901500
0,TXO22200E5,0000090000040700.00,-137495611,58415323231353045.35,-271981020
0,TXO22200E5,0000004800000000.02,-249517632,0000005500000000.04,994021624
0,TXO22200E5,0000004800000000.25,-250517632,0000005500000000.04,-494993160
0,TXO22200E5,0000004900000000.03,-248517632,0000006200000000.01,370209016
0,TXO22200E5,0000000900000000.21,-288517632,0000001500000000.05,-668675846
0,TXO22200E5,0000000900000000.20,-288517632,0000002000000000.01,58704122
0,TXO22200E5,0000001400000000.21,-284517632,0000002000000000.01,-1464565510
0,TXO22200E5,0000001400000000.21,-284517632,0000002000000000.01,474579194
0,TXO22200E5,0000000700000000.39,-290517632,0000001500000000.01,1929339132
0,TXO16000R5,0000080000007700.00,5413,5834323233303045.35,-271981020
0,TXO16000R5,0000013500000000.20,-166517632,0000000000000000.00,2033709305
0,TXO16400R5,0000020000000000.23,-257517632,0000000000000000.00,-1638248196
0,TXO21400X5,0000010000001000.00,12313,58415323136303053.35,-271981020
0,TXO21400X5,0001290000000000.02,-146517632,0000000000000000.00,-1083748103
0,TXO21400X5,0001290000000000.02,-146517632,0000000000000000.00,-218545927
0,TXO21400X5,0001640000000000.10,-146517632,0000000000000000.00,2137276665
0,TXO21400X5,0001640000000000.10,-146517632,0000000000000000.00,-530050823
0,TXO21400X5,0000030000002300.00,-1454630623,584153232343030412.35,-271981020
0,TXO25400L5,0000060000010400.00,2113230205,58415323534303052.35,-271981020
0,TXO25400L5,0000070000010600.00,2113232405,58415323535303052.35,-271981020
0,TXO22100G5,0000364000000000.10,-991484928,0000000000000000.00,-1188118279
0,TXO22100G5,0000359000000000.20,-1721484928,0000000000000000.00,-287055623
0,TXO22100G5,0000342000000000.20,-1181484928,0000000000000000.00,-668675846
0,TXO22100G5,0000348000000000.20,-1121484928,0000000000000000.00,-1153060614
0,TXO22100G5,0000080000014200.00,-1454525623,44415303937303051.35,-271981020
0,TXO22100G5,0000339000000000.20,-1211484928,0000000000000000.00,-149233411
0,TXO22100G5,0000333000000000.20,-1271484928,0000000000000000.00,543891709
0,TX422200Q5,0000690000000000.01,1858515072,0000000000000000.00,-806498052
0,TXO18700E5,0003030000000000.02,-161288704,0000000000000000.00,2067964152
0,TXO18700E5,0002820000000000.02,2033678592,0000000000000000.00,-287055620
0,TXO18700E5,0000040000001000.00,-1454736723,58415313839303045.35,-271981020
0,TX424000Q5,0002450000000000.01,1828645888,0000000000000000.00,1721401596
0,TX424000Q5,0000020000000200.00,-1454735523,58415313439303045.35,-271981020
0,TXO19800E5,0000080000012100.00,-1454732923,58415323034303053.35,-271981020
0,TXO22050E5,0000080000061600.00,1697681433,58415323136303045.35,-271981020
0,TXO22050E5,0000090000065400.00,970313365,58415323232353045.35,-271981020
0,TXO22050E5,0000100000065500.00,970310765,58415323138303051.35,-271981020
0,TXO22050E5,0000120000067700.00,242937597,58415323135303045.35,-271981020
0,TXO22050E5,0000015000000000.20,-151517632,0000018000000000.04,-737988360
0,TXO22050E5,0000014000000000.11,-161517632,0000016500000000.06,-1568935688
0,TXO22050E5,0000008300000000.02,-214517632,0000009400000000.05,751829241
0,TXO22050E5,0000003500000000.19,-262517632,0000004000000000.01,-1603190534
0,TXO22050E5,0000001800000000.25,-279517632,0000002900000000.01,1687146748
0,TXO22050E5,0000001800000000.06,-279517632,0000002900000000.01,-1396055812
0,TXO22050E5,0000001300000000.16,-284517632,0000003100000000.20,-1638248196
0,TXO17600U5,0000305000000000.20,1533482368,0000000000000000.00,-876613382
0,TXO17600U5,0000312000000000.20,1533482368,0000000000000000.00,93761788
0,TXO17600U5,0000309000000000.22,1533482368,0000000000000000.00,-633618179
0,TXO22350Q5,0000585000000000.01,1208515072,0000000000000000.00,-1776873224
0,TXO22350Q5,0000635000000000.05,1708515072,0000000000000000.00,1860026617
0,TXO22350Q5,0000670000000000.05,2058515072,0000000000000000.00,-945123079
0,TXO22350Q5,0000715000000000.06,-1786452224,0000000000000000.00,1998651642
0,TXO22350Q5,0000805000000000.01,-886452224,0000000000000000.00,-2122632965
0,TXO22350Q5,0000760000000000.01,-1336452224,0000000000000000.00,959766779
0,TXO22700E5,0000000800000000.02,-289517632,0000039000000000.01,1963593976
0,TXO20800E5,0000925000000000.13,313547776,0000000000000000.00,-2019065608
0,TXO20800E5,0000895000000000.13,13547776,0000000000000000.00,-1707560711
0,TXO20800E5,0000840000000000.16,-536452224,0000000000000000.00,1513464057
0,TXO20800E5,0000765000000000.21,-1286452224,0000000000000000.00,1895084283
0,TXO20800E5,0000715000000000.15,-1786452224,0000815000000000.01,1167704316
0,TXO16900E5,0000020000000200.00,-1454737723,58415313732303045.35,-271981020
0,TXO16900E5,0004720000000000.01,-541157888,0000000000000000.00,266641658
0,TXO16900E5,0004670000000000.01,-1541157888,0000000000000000.00,-530050822
0,TXO20400E5,0001320000000000.07,-81419520,0000000000000000.00,2137276664
0,TXO20400E5,0001110000000000.15,2013547776,0001230000000000.17,1097588988
0,TXO22400E5,0000020000001300.00,2044794193,58415323134303045.35,-271981020
0,CFO00400F5,0000000730000000.05,-289317632,0000000000000000.00,1166901498
0,TXO24300R5,0002720000000000.01,-296517632,0000000000000000.00,682516730
0,TXO24300R5,0000010000000100.00,-727359555,584153234343030412.35,-271981020
0,TXO21450E5,0000080000061000.00,-727356755,58415323230303046.35,-271981020
0,TXO21450E5,0000284000000000.05,-1761484928,0000355000000000.54,2137276665
0,TXO21450E5,0000279000000000.20,-1811484928,0000353000000000.54,232386809
0,TXO21450E5,0000294000000000.20,-1661484928,0000365000000000.01,647459065
0,TXO21450E5,0000260000000000.32,-2011484928,0000273000000000.33,93761785
0,TXO21450E5,0000249000000000.32,-2121484928,0000265000000000.12,1063334137
0,TXO21450E5,0000193000000000.04,1623482368,0000209000000000.43,300896506
0,TXO21450E5,0000211000000000.08,1803482368,0000231000000000.43,-357170950
0,TXO21450E5,0000163000000000.07,1323482368,0000172000000000.01,335954171
0,TXO21450E5,0000166000000000.03,1353482368,0000172000000000.22,-1742618373
0,TXO21450E5,0000162000000000.05,1313482368,0000173000000000.02,-530050821
0,TXO21450E5,0000160000000000.01,1293482368,0000166000000000.05,1306329340
0,TXO21450E5,0000138000000000.03,1073482368,0000144000000000.40,508834044
0,TXO21450E5,0000157000000000.01,1263482368,0000164000000000.53,2033709309
0,CDO09400F5,0000057500000000.06,263482368,0000000000000000.00,-1014435589
0,TXO17400G5,0003910000000000.01,-296517632,0000000000000000.00,-1257430791
0,TX419600Q5,0000016000000000.20,-141517632,0000000000000000.00,1028276472
0,TX419600Q5,0000018500000000.25,-136517632,0000000000000000.00,-1776873220
0,TXO24500F5,0000008500000000.40,-268517632,0000000000000000.00,197329145
0,TXO24500F5,0000006600000000.40,-287517632,0000162000000000.01,-1568935684
0,TXO21000S5,0000275000000000.02,-146517632,0000000000000000.00,-1638248200
0,TXO21000S5,0000710000000000.02,-1836452224,0000795000000000.18,-1811128068
0,TXO21000S5,0000710000000000.02,-1836452224,0000000000000000.00,-1015238404
0,TXO19600U5,0000060000005300.00,1385808637,58415313938303058.35,-271981020
0,TXO19600U5,0000645000000000.22,1808515072,0000000000000000.00,-356368234
0,TXO22600Q5,0000160000006100.00,658215169,58415323338303047.35,-271981020
0,TXO22600Q5,0000885000000000.01,-86452224,0000000000000000.00,-1014435591
0,TXO22600Q5,0000915000000000.01,213547776,0000000000000000.00,-1153060715
0,TXO22600Q5,0000905000000000.06,113547776,0000000000000000.00,1790714105
0,TXO22600Q5,0000200000006500.00,658222169,58415323237303047.35,-271981020
0,TXO22600Q5,0000925000000000.01,313547776,0000000000000000.00,959766777
0,TXO22600Q5,0000925000000000.01,313547776,0000000000000000.00,-426483463
0,TXO22600Q5,0000995000000000.02,913547776,0000000000000000.00,-807310570
0,TXO22600Q5,0000970000000000.01,763547776,0000000000000000.00,821141755
0,TXO22600Q5,0001030000000000.02,1213547776,0000000000000000.00,751829243
0,TXO23800U5,0002800000000000.03,1533678592,0000000000000000.00,508834041
0,TXO23800U5,0000030000001400.00,-727356855,58415323430303055.35,-271981020
0,TXO23800U5,0002930000000000.01,-1661288704,0000000000000000.00,-1673305860
0,TXO22500S5,0000030000001300.00,-1454714723,58415323236303051.35,-271981020
0,TXO22500S5,0000030000001400.00,-727367855,58415323236303051.35,-271981020
0,TFO02120R5,0000060000000000.10,301482368,0000000000000000.00,-1396055914
0,TFO02120R5,0000050000006000.00,1385949037,5834313937303045.35,-271981020
0,TFO02120R5,0000059000000000.20,289482368,0000000000000000.00,-1846185732
0,TFO02120R5,0000050000006000.00,1385956437,46415303232303052.35,-271981020
0,TXO16600E5,0005130000000000.01,-1336125184,0000000000000000.00,1687146744
0,TXO16600E5,0004990000000000.01,2058842112,0000000000000000.00,58704121
0,TXO15400X5,0000099000000000.02,683482368,0000000000000000.00,-2019065607
0,TXO15400X5,0000271000000000.02,-1901484928,0000000000000000.00,-79920902
0,TXO23000E5,0000020000004000.00,658209169,5834323130303051.35,-271981020
0,TXO23000E5,0000100000002800.00,-69147299,58415323230303051.35,-271981020
0,TXO23000E5,0000000200000003.29,-296517632,0000000800000001.00,1098391805
0,TXO22450Q5,0000110000025300.00,1385530937,58415323236303051.35,-271981020
0,TXO22450Q5,0000110000025400.00,1385532237,58415323236303051.35,-271981020
0,TXO22450Q5,0000090000024900.00,1385528637,58415323239303053.35,-271981020
0,TXO22450Q5,0000090000024900.00,1385531237,58415323236303049.35,-271981020
0,TXO22450Q5,0000080000024500.00,1385528937,58415323238303053.35,-271981020
0,TXO22450Q5,0000090000025000.00,1385534137,58415323236303051.35,-271981020
0,TXO22450Q5,0000090000025000.00,1385539437,58415323236303051.35,-271981020
0,TXO23000U5,0002120000000000.03,-871354112,0000000000000000.00,-148430600
0,TXO19700E5,0001840000000000.06,823613184,0000000000000000.00,-737988357
0,TXO19700E5,0001840000000000.07,723613184,0000000000000000.00,-807300869
0,CCO00525Q5,0000004830000000.05,-248917632,0000000000000000.00,439521530
0,TXO14800X5,0000060000000000.03,273482368,0000000000000000.00,-1603993351
0,TXO14700Q5,0000000000000000.00,1838232557,58415313338303055.35,-271981020
0,DVO14000F5,0000018600000000.02,-296517632,0000000000000000.00,-1049493253
0,TXO20000R5,0000158000000000.01,1273482368,0000226000000000.01,1513464057
0,TXO20000R5,0000164000000000.20,1333482368,0000228000000000.01,-1014435591
0,TXO20000R5,0000167000000000.20,1363482368,0000240000000000.01,-426483463
0,TXO20000R5,0000180000000000.25,1493482368,0000207000000000.01,-1084550915
0,TEO11100G5,0000010000001000.00,513,45415313133303046.35,-271981020
0,TXO19400X5,0000525000000000.02,-146517632,0000000000000000.00,-322113288
0,TXO19400X5,0000020000001200.00,-727349655,58415313939303046.35,-271981020
0,TXO19400X5,0000040000004200.00,2113153005,58415313937303053.35,-271981020
0,TXO19400X5,0000905000000000.02,113547776,0000000000000000.00,-79920902
0,TXO19400X5,0000925000000000.32,-146517632,0000000000000000.00,-287858435
0,CKO00600Q5,0000000120000000.05,-295617632,0000000000000000.00,1895084281
0,TX419500E5,0000010000002000.00,12713,5834313937303045.35,-271981020
0,TX419500E5,0002110000000000.01,-971354112,0000000000000000.00,-1534680838
0,TX419500E5,0000040000003300.00,-1454734823,5834313937303045.35,-271981020
0,DKO02800U5,0000000000000000.00,0,00002667020099444.11,-514076649
0,TFO01960R5,0000008600000000.20,-211517632,0000000000000000.00,751829244
0,TXO21600U5,0001350000000000.10,218580480,0000000000000000.00,-1499623175
0,TXO21600U5,0000050000004300.00,1385904637,58415323232303047.35,-271981020
0,TXO21600U5,0000050000004300.00,1385901637,58415323138303055.35,-271981020
0,TXO21600U5,0001400000000000.10,-1481419520,0000000000000000.00,1374839034
0,TXO21600U5,0000050000004300.00,1385899337,58415323137303053.35,-271981020
0,TXO21600U5,0001410000000000.10,-1481419520,0000000000000000.00,-1396055813
0,TXO21600U5,0001420000000000.02,918580480,0000000000000000.00,855396605
0,TXO15400E5,0006280000000000.01,1873940224,0000000000000000.00,-1534680839
0,TXO15400E5,0006120000000000.01,-26059776,0000000000000000.00,-217743109
0,TXO15400E5,0006100000000000.01,373940224,0000000000000000.00,-807300868
0,TXO24800R5,0000020000002900.00,-1454729523,58415323438303058.35,-271981020
0,TXO24800R5,0000020000002900.00,-727364055,58415323439303046.35,-271981020
0,TXO21800Q5,0000280000046900.00,2043780293,58415323132353051.35,-271981020
0,TXO21800Q5,0000131000000000.01,1003482368,0000136000000000.04,2102219000
0,TXO21800Q5,0000131000000000.10,1003482368,0000137000000000.09,58704120
0,TXO21800Q5,0000137000000000.10,1063482368,0000144000000000.03,-1776873224
0,TXO21800Q5,0000161000000000.01,1303482368,0000166000000000.06,994021625
0,TXO21800Q5,0000151000000000.01,1203482368,0000156000000000.02,-1672503047
0,TXO21800Q5,0000175000000000.01,1443482368,0000180000000000.43,371011833
0,TXO21800Q5,0000207000000000.02,1763482368,0000213000000000.25,1929339129
0,TXO21800Q5,0000203000000000.05,1723482368,0000209000000000.21,-1638248199
0,TXO21800Q5,0000208000000000.02,1773482368,0000214000000000.20,1097588985
0,TXO21800Q5,0000180000000000.02,1493482368,0000186000000000.22,-1533878023
0,TXO21800Q5,0000185000000000.01,1543482368,0000191000000000.41,-1464565511
0,TXO21800Q5,0000219000000000.03,1883482368,0000226000000000.21,613204218
0,TXO21800Q5,0000245000000000.03,2143482368,0000259000000000.01,-1673305862
0,TXO21800Q5,0000246000000000.05,-2141484928,0000252000000000.21,-1603993350
0,TXO21800Q5,0000208000000000.04,1773482368,0000214000000000.02,-841555718
0,TXO21800Q5,0000209000000000.04,1783482368,0000244000000000.01,24449274
0,TXO21800Q5,0000232000000000.01,2013482368,0000240000000000.01,1374839035
0,TXO21800Q5,0000251000000000.01,-2091484928,0000261000000000.01,-1153060613
0,TXO21800Q5,0000258000000000.02,-2021484928,0000270000000000.01,1964396795
0,TXO21800Q5,0000267000000000.01,-1931484928,0000276000000000.20,-1396055813
0,TXO21800Q5,0000269000000000.02,-1911484928,0000275000000000.01,2067964155
0,TXO21800Q5,0000256000000000.02,-2041484928,0000262000000000.40,24449275
0,TXO21800Q5,0000257000000000.02,-2031484928,0000264000000000.06,-218545924
0,TXO21800Q5,0000286000000000.01,-1741484928,0000292000000000.02,-737185540
0,TXO21800Q5,0000295000000000.01,-1651484928,0000301000000000.01,-564305668
0,TXO21800Q5,0000288000000000.02,-1721484928,0000294000000000.01,335954172
0,TXO21800Q5,0000282000000000.02,-1781484928,0000289000000000.21,1548521724
0,TXO21800Q5,0000273000000000.02,-1871484928,0000281000000000.20,-1396055812
0,TXO21800Q5,0000278000000000.01,-1821484928,0000285000000000.03,-1430310659
0,TXO21800Q5,0000258000000000.30,-2021484928,0000263000000000.21,-1464565507
0,TXO21800Q5,0000266000000000.01,-1941484928,0000274000000000.20,543891709
0,OBO00320F5,0000000110000000.06,-295617632,0000000000000000.00,-737988354
0,TXO20900S5,0000605000000000.20,1408515072,0000000000000000.00,-1360998151
0,TXO20900S5,0000620000000000.30,1508515072,0000000000000000.00,-1153060615
0,TXO20900S5,0000080000007300.00,658590269,58415323131303047.35,-271981020
0,TXO20900S5,0000630000000000.32,1658515072,0000000000000000.00,1201959163
0,TXO20900S5,0000070000006300.00,1385880537,58415323130303055.35,-271981020
0,TXO20000Q5,0000060000008100.00,2044469693,58415323430303045.35,-271981020
0,TXO20000Q5,0000000800000000.20,-289517632,0000002000000000.05,-1465368325
0,TXO21600G5,0000590000000000.20,1258515072,0000000000000000.00,-426483463
0,TXO21600G5,0000585000000000.20,1208515072,0000000000000000.00,1548521721
0,TXO21600G5,0000560000000000.02,958515072,0000000000000000.00,613204119
0,TXO21600G5,0000530000000000.22,658515072,0000000000000000.00,2137276667
0,TXO21600G5,0000090000012000.00,658592969,58415323138303053.35,-271981020
